<?xml version="1.0" encoding="UTF-8"?>
<OAI-PMH xmlns="http://www.openarchives.org/OAI/2.0/" xmlns:xsi="http://www.w3.org/2001/XMLSchema-instance" xsi:schemaLocation="http://www.openarchives.org/OAI/2.0/ http://www.openarchives.org/OAI/2.0/OAI-PMH.xsd">
  <responseDate>2011-10-21T19:30:29Z</responseDate>
  <request verb="ListRecords" from="2011-10-21T16:30:00Z" metadataPrefix="marc21">http://xc.ilcso.uiuc.edu:8080/OAIToolkit2/oai-request.do</request>
  <ListRecords>
    <record>
      <header>
        <identifier>oai:carli.illinois.edu:CARLIVoyager2/440</identifier>
        <datestamp>2011-10-21T18:55:53Z</datestamp>
        <setSpec>bib</setSpec>
      </header>
      <metadata>
        <marc:record xmlns:marc="http://www.loc.gov/MARC21/slim" xmlns:xsi="http://www.w3.org/2001/XMLSchema-instance" xsi:schemaLocation="http://www.loc.gov/MARC21/slim http://xc.ilcso.uiuc.edu:8080/OAIToolkit2/schema/MARC21slim_custom.xsd">
          <marc:leader>02001nam a2200337zi 4500</marc:leader>
          <marc:controlfield tag="001">BA00282438</marc:controlfield>
          <marc:controlfield tag="003">NII</marc:controlfield>
          <marc:controlfield tag="005">20110909134242.0</marc:controlfield>
          <marc:controlfield tag="007">ta </marc:controlfield>
          <marc:controlfield tag="008">090910s1983    ja ||||||b||||||||||eng|d</marc:controlfield>
          <marc:datafield tag="016" ind1="7" ind2=" ">
            <marc:subfield code="a">BA00282438</marc:subfield>
            <marc:subfield code="2">JP-ToKJK</marc:subfield>
          </marc:datafield>
          <marc:datafield tag="040" ind1=" " ind2=" ">
            <marc:subfield code="a">NII</marc:subfield>
          </marc:datafield>
          <marc:datafield tag="041" ind1="0" ind2=" ">
            <marc:subfield code="a">eng</marc:subfield>
          </marc:datafield>
          <marc:datafield tag="044" ind1=" " ind2=" ">
            <marc:subfield code="a">ja</marc:subfield>
            <marc:subfield code="5">NII</marc:subfield>
          </marc:datafield>
          <marc:datafield tag="084" ind1=" " ind2=" ">
            <marc:subfield code="a">414.7</marc:subfield>
            <marc:subfield code="2">NDC8</marc:subfield>
          </marc:datafield>
          <marc:datafield tag="100" ind1="1" ind2=" ">
            <marc:subfield code="a">France-Japan Seminar on Spectra of Riemannian Manifolds and Space of Metrics of Manifolds</marc:subfield>
            <marc:subfield code="e">(1981 : Kyoto)</marc:subfield>
            <marc:subfield code="0">(NII)DA00585888</marc:subfield>
          </marc:datafield>
          <marc:datafield tag="100" ind1="1" ind2=" ">
            <marc:subfield code="a">Berger, Marcel, 1927-</marc:subfield>
            <marc:subfield code="0">(NII)DA00585480</marc:subfield>
          </marc:datafield>
          <marc:datafield tag="100" ind1="1" ind2=" ">
            <marc:subfield code="6">880-01</marc:subfield>
            <marc:subfield code="a">村上, 信吾(1927-)</marc:subfield>
            <marc:subfield code="0">(NII)DA00585582</marc:subfield>
          </marc:datafield>
          <marc:datafield tag="100" ind1="1" ind2=" ">
            <marc:subfield code="6">880-02</marc:subfield>
            <marc:subfield code="a">落合, 卓四郎(1943-)</marc:subfield>
            <marc:subfield code="0">(NII)DA00585673</marc:subfield>
          </marc:datafield>
          <marc:datafield tag="245" ind1="1" ind2="0">
            <marc:subfield code="a">Spectra of riemannian manifolds</marc:subfield>
            <marc:subfield code="b">proceedings of the France-Japan seminar on spectra of riemmanian manifolds and space of metrics of manifolds, Kyoto, 1981</marc:subfield>
            <marc:subfield code="c">edited by Marcel Berger, Shingo Murakami, Takushiro Ochiai</marc:subfield>
          </marc:datafield>
          <marc:datafield tag="260" ind1=" " ind2=" ">
            <marc:subfield code="a">Tokyo</marc:subfield>
            <marc:subfield code="b">Kaigai Pub.</marc:subfield>
            <marc:subfield code="c">1983</marc:subfield>
          </marc:datafield>
          <marc:datafield tag="300" ind1=" " ind2=" ">
            <marc:subfield code="a">ii, 194 p.</marc:subfield>
            <marc:subfield code="b">ill.</marc:subfield>
            <marc:subfield code="c">24 cm</marc:subfield>
          </marc:datafield>
          <marc:datafield tag="500" ind1=" " ind2=" ">
            <marc:subfield code="a">Bibliography: p. 157-194</marc:subfield>
          </marc:datafield>
          <marc:datafield tag="740" ind1="0" ind2=" ">
            <marc:subfield code="a">Spectra of riemannian manifolds</marc:subfield>
          </marc:datafield>
          <marc:datafield tag="852" ind1=" " ind2=" ">
            <marc:subfield code="a">九大理系(FA02289X)</marc:subfield>
            <marc:subfield code="k">P 83/SPEC/1</marc:subfield>
            <marc:subfield code="m">OTHER</marc:subfield>
            <marc:subfield code="b">Ito</marc:subfield>
            <marc:subfield code="c">図書館</marc:subfield>
            <marc:subfield code="x">Library</marc:subfield>
            <marc:subfield code="j">伊都理系［数理］</marc:subfield>
            <marc:subfield code="g">Ito Rikei 1F Math.</marc:subfield>
            <marc:subfield code="p">068222184006188</marc:subfield>
            <marc:subfield code="6">2009-09-07</marc:subfield>
            <marc:subfield code="i">OP230000</marc:subfield>
          </marc:datafield>
          <marc:datafield tag="852" ind1=" " ind2=" ">
            <marc:subfield code="a">九大理系(FA02289X)</marc:subfield>
            <marc:subfield code="k">103/SPE</marc:subfield>
            <marc:subfield code="m">OTHER</marc:subfield>
            <marc:subfield code="b">Ito</marc:subfield>
            <marc:subfield code="c">***遡及PA2003  応理</marc:subfield>
            <marc:subfield code="x">Library</marc:subfield>
            <marc:subfield code="j">伊都理系　自動書庫</marc:subfield>
            <marc:subfield code="g">Ito Library ASRS</marc:subfield>
            <marc:subfield code="p">068252184003425</marc:subfield>
            <marc:subfield code="6">2008-04-03</marc:subfield>
            <marc:subfield code="i">OP900000</marc:subfield>
          </marc:datafield>
          <marc:datafield tag="852" ind1=" " ind2=" ">
            <marc:subfield code="a">九大(FA003454)</marc:subfield>
            <marc:subfield code="k">414.9/B 382/1</marc:subfield>
            <marc:subfield code="m">NDC</marc:subfield>
            <marc:subfield code="b">Central</marc:subfield>
            <marc:subfield code="c">***遡及1</marc:subfield>
            <marc:subfield code="x">Library</marc:subfield>
            <marc:subfield code="j">中図 地階(理 図書)</marc:subfield>
            <marc:subfield code="g">CENTRAL LIBRARY Basement Floor</marc:subfield>
            <marc:subfield code="p">068582184000657</marc:subfield>
            <marc:subfield code="6">2009-10-14</marc:subfield>
            <marc:subfield code="i">EA900000</marc:subfield>
          </marc:datafield>
          <marc:datafield tag="852" ind1=" " ind2=" ">
            <marc:subfield code="a">九大理系(FA02289X)</marc:subfield>
            <marc:subfield code="k">414.9/B 382/1A</marc:subfield>
            <marc:subfield code="m">NDC</marc:subfield>
            <marc:subfield code="b">Ito</marc:subfield>
            <marc:subfield code="c">***遡及1</marc:subfield>
            <marc:subfield code="x">Library</marc:subfield>
            <marc:subfield code="j">伊都中央自動書庫</marc:subfield>
            <marc:subfield code="g">ItoChuo ASRS</marc:subfield>
            <marc:subfield code="p">068582185012770</marc:subfield>
            <marc:subfield code="6">2008-06-17</marc:subfield>
            <marc:subfield code="i">OQ999999</marc:subfield>
          </marc:datafield>
          <marc:datafield tag="880" ind1="1" ind2=" ">
            <marc:subfield code="6">100-01/$1</marc:subfield>
            <marc:subfield code="a">ムラカミ, シンゴ</marc:subfield>
          </marc:datafield>
          <marc:datafield tag="880" ind1="1" ind2=" ">
            <marc:subfield code="6">100-02/$1</marc:subfield>
            <marc:subfield code="a">オチアイ, タクシロウ</marc:subfield>
          </marc:datafield>
        </marc:record>
      </metadata>
    </record>