
    <record>
      <header>
        <identifier>oai:carli.illinois.edu:CARLIVoyager2/442</identifier>
        <datestamp>2011-10-21T18:55:53Z</datestamp>
        <setSpec>bib</setSpec>
      </header>
      <metadata>
        <marc:record xmlns:marc="http://www.loc.gov/MARC21/slim" xmlns:xsi="http://www.w3.org/2001/XMLSchema-instance" xsi:schemaLocation="http://www.loc.gov/MARC21/slim http://xc.ilcso.uiuc.edu:8080/OAIToolkit2/schema/MARC21slim_custom.xsd">
          <marc:leader>10550nam a2200961zi 4500</marc:leader>
          <marc:controlfield tag="001">BA00350130</marc:controlfield>
          <marc:controlfield tag="003">NII</marc:controlfield>
          <marc:controlfield tag="005">20110909134243.0</marc:controlfield>
          <marc:controlfield tag="007">ta </marc:controlfield>
          <marc:controlfield tag="008">090916s1987    uk ||||||b||||||||||eng|d</marc:controlfield>
          <marc:datafield tag="010" ind1=" " ind2=" ">
            <marc:subfield code="a">86025466</marc:subfield>
          </marc:datafield>
          <marc:datafield tag="016" ind1="7" ind2=" ">
            <marc:subfield code="a">BA00350130</marc:subfield>
            <marc:subfield code="2">JP-ToKJK</marc:subfield>
          </marc:datafield>
          <marc:datafield tag="020" ind1=" " ind2=" ">
            <marc:subfield code="a">(v. 1)</marc:subfield>
          </marc:datafield>
          <marc:datafield tag="020" ind1=" " ind2=" ">
            <marc:subfield code="a">(v. 2)</marc:subfield>
            <marc:subfield code="c">$300.00</marc:subfield>
          </marc:datafield>
          <marc:datafield tag="020" ind1=" " ind2=" ">
            <marc:subfield code="a">(v. 3)</marc:subfield>
          </marc:datafield>
          <marc:datafield tag="020" ind1=" " ind2=" ">
            <marc:subfield code="a">0080348092(: set)</marc:subfield>
          </marc:datafield>
          <marc:datafield tag="020" ind1=" " ind2=" ">
            <marc:subfield code="a">4901381105(v. 4)</marc:subfield>
          </marc:datafield>
          <marc:datafield tag="020" ind1=" " ind2=" ">
            <marc:subfield code="a">4901381113(v. 5)</marc:subfield>
          </marc:datafield>
          <marc:datafield tag="040" ind1=" " ind2=" ">
            <marc:subfield code="a">NII</marc:subfield>
          </marc:datafield>
          <marc:datafield tag="041" ind1="0" ind2=" ">
            <marc:subfield code="a">eng</marc:subfield>
          </marc:datafield>
          <marc:datafield tag="044" ind1=" " ind2=" ">
            <marc:subfield code="a">uk</marc:subfield>
            <marc:subfield code="5">NII</marc:subfield>
          </marc:datafield>
          <marc:datafield tag="050" ind1="0" ind2="0">
            <marc:subfield code="a">TA417</marc:subfield>
          </marc:datafield>
          <marc:datafield tag="082" ind1="1" ind2="4">
            <marc:subfield code="a">620.1/124</marc:subfield>
          </marc:datafield>
          <marc:datafield tag="084" ind1=" " ind2=" ">
            <marc:subfield code="a">501.322</marc:subfield>
            <marc:subfield code="2">NDC8</marc:subfield>
          </marc:datafield>
          <marc:datafield tag="100" ind1="1" ind2=" ">
            <marc:subfield code="6">880-01</marc:subfield>
            <marc:subfield code="a">村上, 敬宜</marc:subfield>
            <marc:subfield code="0">(NII)DA00733577</marc:subfield>
          </marc:datafield>
          <marc:datafield tag="100" ind1="1" ind2=" ">
            <marc:subfield code="6">880-02</marc:subfield>
            <marc:subfield code="a">青木, 繁(1941-)</marc:subfield>
            <marc:subfield code="0">(NII)DA0867283X</marc:subfield>
          </marc:datafield>
          <marc:datafield tag="100" ind1="1" ind2=" ">
            <marc:subfield code="a">Hanson, M. T.</marc:subfield>
            <marc:subfield code="0">(NII)DA10002818</marc:subfield>
          </marc:datafield>
          <marc:datafield tag="100" ind1="1" ind2=" ">
            <marc:subfield code="a">Hasebe, N.</marc:subfield>
          </marc:datafield>
          <marc:datafield tag="245" ind1="1" ind2="0">
            <marc:subfield code="a">Stress intensity factors handbook</marc:subfield>
            <marc:subfield code="c">editor-in-chief, Y. Murakami ; co-editors, S. Aoki ... [et al.]</marc:subfield>
          </marc:datafield>
          <marc:datafield tag="260" ind1=" " ind2=" ">
            <marc:subfield code="a">Oxford [Oxfordshire]</marc:subfield>
            <marc:subfield code="b">Pergamon</marc:subfield>
            <marc:subfield code="c">c1987-</marc:subfield>
          </marc:datafield>
          <marc:datafield tag="300" ind1=" " ind2=" ">
            <marc:subfield code="a">v.</marc:subfield>
            <marc:subfield code="b">ill.</marc:subfield>
            <marc:subfield code="c">30 cm</marc:subfield>
          </marc:datafield>
          <marc:datafield tag="500" ind1=" " ind2=" ">
            <marc:subfield code="a">Vol. 3. co-editors, M.T. Hanson ... [et al.]</marc:subfield>
          </marc:datafield>
          <marc:datafield tag="500" ind1=" " ind2=" ">
            <marc:subfield code="a">Vol. 4-5. co-editors, N. Hasebe ... [et al.]</marc:subfield>
          </marc:datafield>
          <marc:datafield tag="500" ind1=" " ind2=" ">
            <marc:subfield code="a">Vol. 3-5. published by: Kyoto : Society of Materials Science, Japan</marc:subfield>
          </marc:datafield>
          <marc:datafield tag="650" ind1=" " ind2="0">
            <marc:subfield code="a">Stress concentration -- Handbooks, manuals, etc</marc:subfield>
            <marc:subfield code="2">LCSH</marc:subfield>
          </marc:datafield>
          <marc:datafield tag="740" ind1="0" ind2=" ">
            <marc:subfield code="a">Stress intensity factors handbook</marc:subfield>
          </marc:datafield>
          <marc:datafield tag="852" ind1=" " ind2=" ">
            <marc:subfield code="a">九大理系(FA02289X)</marc:subfield>
            <marc:subfield code="k">164/Mur/3</marc:subfield>
            <marc:subfield code="m">OTHER</marc:subfield>
            <marc:subfield code="b">Ito</marc:subfield>
            <marc:subfield code="c">航空</marc:subfield>
            <marc:subfield code="x">Research room</marc:subfield>
            <marc:subfield code="j">工航空宇宙 軽構造2</marc:subfield>
            <marc:subfield code="g">ENGINEERING Library of Aeronautics &amp; Astronautics</marc:subfield>
            <marc:subfield code="p">025211998000045</marc:subfield>
            <marc:subfield code="8">v. 3</marc:subfield>
            <marc:subfield code="6">2005-12-13</marc:subfield>
            <marc:subfield code="i">HA480502</marc:subfield>
          </marc:datafield>
          <marc:datafield tag="852" ind1=" " ind2=" ">
            <marc:subfield code="a">九大理系(FA02289X)</marc:subfield>
            <marc:subfield code="k">03/B/MUR</marc:subfield>
            <marc:subfield code="m">OTHER</marc:subfield>
            <marc:subfield code="b">Ito</marc:subfield>
            <marc:subfield code="c">***遡及PA2003 0100136 機械</marc:subfield>
            <marc:subfield code="x">Research room</marc:subfield>
            <marc:subfield code="j">工機械 材料強度2</marc:subfield>
            <marc:subfield code="g">ENGINEERING Library of Mechanical Eng. Sci.</marc:subfield>
            <marc:subfield code="p">027212001001362</marc:subfield>
            <marc:subfield code="f">4901381105</marc:subfield>
            <marc:subfield code="8">v. 4</marc:subfield>
            <marc:subfield code="6">2007-10-30</marc:subfield>
            <marc:subfield code="i">HA460202</marc:subfield>
          </marc:datafield>
          <marc:datafield tag="852" ind1=" " ind2=" ">
            <marc:subfield code="a">九大理系(FA02289X)</marc:subfield>
            <marc:subfield code="k">03/B/MUR</marc:subfield>
            <marc:subfield code="m">OTHER</marc:subfield>
            <marc:subfield code="b">Ito</marc:subfield>
            <marc:subfield code="c">***遡及PA2003 0100137 機械</marc:subfield>
            <marc:subfield code="x">Research room</marc:subfield>
            <marc:subfield code="j">工機械 材料強度2</marc:subfield>
            <marc:subfield code="g">ENGINEERING Library of Mechanical Eng. Sci.</marc:subfield>
            <marc:subfield code="p">027212001001374</marc:subfield>
            <marc:subfield code="z">501.322</marc:subfield>
            <marc:subfield code="f">4901381113</marc:subfield>
            <marc:subfield code="8">v. 5</marc:subfield>
            <marc:subfield code="6">2007-10-30</marc:subfield>
            <marc:subfield code="i">HA460202</marc:subfield>
          </marc:datafield>
          <marc:datafield tag="852" ind1=" " ind2=" ">
            <marc:subfield code="a">九大理系(FA02289X)</marc:subfield>
            <marc:subfield code="k">03/B/MUR</marc:subfield>
            <marc:subfield code="m">OTHER</marc:subfield>
            <marc:subfield code="b">Ito</marc:subfield>
            <marc:subfield code="c">***遡及PA2003 0100138 機械</marc:subfield>
            <marc:subfield code="x">Research room</marc:subfield>
            <marc:subfield code="j">工機械 材料強度2</marc:subfield>
            <marc:subfield code="g">ENGINEERING Library of Mechanical Eng. Sci.</marc:subfield>
            <marc:subfield code="p">027212001001386</marc:subfield>
            <marc:subfield code="z">501.322</marc:subfield>
            <marc:subfield code="f">4901381105</marc:subfield>
            <marc:subfield code="8">v. 4</marc:subfield>
            <marc:subfield code="6">2007-07-19</marc:subfield>
            <marc:subfield code="i">HA460202</marc:subfield>
          </marc:datafield>
          <marc:datafield tag="852" ind1=" " ind2=" ">
            <marc:subfield code="a">九大理系(FA02289X)</marc:subfield>
            <marc:subfield code="k">03/B/MUR</marc:subfield>
            <marc:subfield code="m">OTHER</marc:subfield>
            <marc:subfield code="b">Ito</marc:subfield>
            <marc:subfield code="c">***遡及PA2003 0100139 機械</marc:subfield>
            <marc:subfield code="x">Research room</marc:subfield>
            <marc:subfield code="j">工機械 材料強度2</marc:subfield>
            <marc:subfield code="g">ENGINEERING Library of Mechanical Eng. Sci.</marc:subfield>
            <marc:subfield code="p">027212001001398</marc:subfield>
            <marc:subfield code="z">501.322</marc:subfield>
            <marc:subfield code="f">4901381113</marc:subfield>
            <marc:subfield code="8">v. 5</marc:subfield>
            <marc:subfield code="6">2007-07-19</marc:subfield>
            <marc:subfield code="i">HA460202</marc:subfield>
          </marc:datafield>
          <marc:datafield tag="852" ind1=" " ind2=" ">
            <marc:subfield code="a">九大理系(FA02289X)</marc:subfield>
            <marc:subfield code="k">501.32/Mu 43</marc:subfield>
            <marc:subfield code="m">NDC</marc:subfield>
            <marc:subfield code="b">Ito</marc:subfield>
            <marc:subfield code="x">Research room</marc:subfield>
            <marc:subfield code="j">工海洋シ 船舶構造2-2</marc:subfield>
            <marc:subfield code="g">ENGINEERING Library of Marine Systems Engineering</marc:subfield>
            <marc:subfield code="p">027212007000606</marc:subfield>
            <marc:subfield code="8">v. 3</marc:subfield>
            <marc:subfield code="6">2007-10-30</marc:subfield>
            <marc:subfield code="i">HA080112</marc:subfield>
          </marc:datafield>
          <marc:datafield tag="852" ind1=" " ind2=" ">
            <marc:subfield code="a">九大理系(FA02289X)</marc:subfield>
            <marc:subfield code="k">03/B/MUR</marc:subfield>
            <marc:subfield code="m">OTHER</marc:subfield>
            <marc:subfield code="b">Ito</marc:subfield>
            <marc:subfield code="c">機械</marc:subfield>
            <marc:subfield code="x">Library</marc:subfield>
            <marc:subfield code="j">伊都BF開架[工 機械]</marc:subfield>
            <marc:subfield code="g">Ito BF[工 機械]</marc:subfield>
            <marc:subfield code="p">068252186011894</marc:subfield>
            <marc:subfield code="8">v. 1</marc:subfield>
            <marc:subfield code="6">2006-11-08</marc:subfield>
            <marc:subfield code="i">OP274600</marc:subfield>
          </marc:datafield>
          <marc:datafield tag="852" ind1=" " ind2=" ">
            <marc:subfield code="a">九大理系(FA02289X)</marc:subfield>
            <marc:subfield code="k">03/B/MUR</marc:subfield>
            <marc:subfield code="m">OTHER</marc:subfield>
            <marc:subfield code="b">Ito</marc:subfield>
            <marc:subfield code="c">機械</marc:subfield>
            <marc:subfield code="x">Library</marc:subfield>
            <marc:subfield code="j">伊都BF開架[工 機械]</marc:subfield>
            <marc:subfield code="g">Ito BF[工 機械]</marc:subfield>
            <marc:subfield code="p">068252186011905</marc:subfield>
            <marc:subfield code="8">v. 2</marc:subfield>
            <marc:subfield code="6">2006-11-08</marc:subfield>
            <marc:subfield code="i">OP274600</marc:subfield>
          </marc:datafield>
          <marc:datafield tag="852" ind1=" " ind2=" ">
            <marc:subfield code="a">九大理系(FA02289X)</marc:subfield>
            <marc:subfield code="k">03/B/MUR</marc:subfield>
            <marc:subfield code="m">OTHER</marc:subfield>
            <marc:subfield code="b">Ito</marc:subfield>
            <marc:subfield code="c">***遡及PA2003 8601191 機械</marc:subfield>
            <marc:subfield code="x">Research room</marc:subfield>
            <marc:subfield code="j">工機械 設計工学2</marc:subfield>
            <marc:subfield code="g">ENGINEERING Library of Mechanical Eng. Sci.</marc:subfield>
            <marc:subfield code="p">068252186011917</marc:subfield>
            <marc:subfield code="8">v. 1</marc:subfield>
            <marc:subfield code="6">2005-12-14</marc:subfield>
            <marc:subfield code="i">HA460302</marc:subfield>
          </marc:datafield>
          <marc:datafield tag="852" ind1=" " ind2=" ">
            <marc:subfield code="a">九大理系(FA02289X)</marc:subfield>
            <marc:subfield code="k">03/B/MUR</marc:subfield>
            <marc:subfield code="m">OTHER</marc:subfield>
            <marc:subfield code="b">Ito</marc:subfield>
            <marc:subfield code="c">***遡及PA2003 8601192 機械</marc:subfield>
            <marc:subfield code="x">Research room</marc:subfield>
            <marc:subfield code="j">工機械 設計工学2</marc:subfield>
            <marc:subfield code="g">ENGINEERING Library of Mechanical Eng. Sci.</marc:subfield>
            <marc:subfield code="p">068252186011920</marc:subfield>
            <marc:subfield code="8">v. 2</marc:subfield>
            <marc:subfield code="6">2005-12-14</marc:subfield>
            <marc:subfield code="i">HA460302</marc:subfield>
          </marc:datafield>
          <marc:datafield tag="852" ind1=" " ind2=" ">
            <marc:subfield code="a">九大理系(FA02289X)</marc:subfield>
            <marc:subfield code="k">501.32/St 8/(1)</marc:subfield>
            <marc:subfield code="m">NDC</marc:subfield>
            <marc:subfield code="b">Ito</marc:subfield>
            <marc:subfield code="c">造船</marc:subfield>
            <marc:subfield code="x">Library</marc:subfield>
            <marc:subfield code="j">伊都理系 1F 開架</marc:subfield>
            <marc:subfield code="g">Ito Rikei １F open</marc:subfield>
            <marc:subfield code="p">068252186011968</marc:subfield>
            <marc:subfield code="8">v. 1</marc:subfield>
            <marc:subfield code="6">2007-05-08</marc:subfield>
            <marc:subfield code="i">OP001000</marc:subfield>
          </marc:datafield>
          <marc:datafield tag="852" ind1=" " ind2=" ">
            <marc:subfield code="a">九大理系(FA02289X)</marc:subfield>
            <marc:subfield code="k">501.32/St 8/(2)</marc:subfield>
            <marc:subfield code="m">NDC</marc:subfield>
            <marc:subfield code="b">Ito</marc:subfield>
            <marc:subfield code="c">造船</marc:subfield>
            <marc:subfield code="x">Library</marc:subfield>
            <marc:subfield code="j">伊都理系 1F 開架</marc:subfield>
            <marc:subfield code="g">Ito Rikei １F open</marc:subfield>
            <marc:subfield code="p">068252186011971</marc:subfield>
            <marc:subfield code="8">v. 2</marc:subfield>
            <marc:subfield code="6">2007-05-08</marc:subfield>
            <marc:subfield code="i">OP001000</marc:subfield>
          </marc:datafield>
          <marc:datafield tag="852" ind1=" " ind2=" ">
            <marc:subfield code="a">九大理系(FA02289X)</marc:subfield>
            <marc:subfield code="k">164/Mur</marc:subfield>
            <marc:subfield code="m">OTHER</marc:subfield>
            <marc:subfield code="b">Ito</marc:subfield>
            <marc:subfield code="c">***遡及PA2002  航空</marc:subfield>
            <marc:subfield code="x">Research room</marc:subfield>
            <marc:subfield code="j">工航空宇宙 軽構造2</marc:subfield>
            <marc:subfield code="g">ENGINEERING Library of Aeronautics &amp; Astronautics</marc:subfield>
            <marc:subfield code="p">068252186011983</marc:subfield>
            <marc:subfield code="8">v. 1</marc:subfield>
            <marc:subfield code="6">2005-12-13</marc:subfield>
            <marc:subfield code="i">HA480502</marc:subfield>
          </marc:datafield>
          <marc:datafield tag="852" ind1=" " ind2=" ">
            <marc:subfield code="a">九大理系(FA02289X)</marc:subfield>
            <marc:subfield code="k">164/Mur</marc:subfield>
            <marc:subfield code="m">OTHER</marc:subfield>
            <marc:subfield code="b">Ito</marc:subfield>
            <marc:subfield code="c">***遡及PA2002  航空</marc:subfield>
            <marc:subfield code="x">Research room</marc:subfield>
            <marc:subfield code="j">工航空宇宙 軽構造2</marc:subfield>
            <marc:subfield code="g">ENGINEERING Library of Aeronautics &amp; Astronautics</marc:subfield>
            <marc:subfield code="p">068252186011995</marc:subfield>
            <marc:subfield code="8">v. 2</marc:subfield>
            <marc:subfield code="6">2005-12-13</marc:subfield>
            <marc:subfield code="i">HA480502</marc:subfield>
          </marc:datafield>
          <marc:datafield tag="852" ind1=" " ind2=" ">
            <marc:subfield code="a">九大理系(FA02289X)</marc:subfield>
            <marc:subfield code="k">501.32/St 8/(1)</marc:subfield>
            <marc:subfield code="m">NDC</marc:subfield>
            <marc:subfield code="b">Ito</marc:subfield>
            <marc:subfield code="c">***遡及PA2002  航空</marc:subfield>
            <marc:subfield code="x">Library</marc:subfield>
            <marc:subfield code="j">伊都理系 1F 開架</marc:subfield>
            <marc:subfield code="g">Ito Rikei １F open</marc:subfield>
            <marc:subfield code="p">068252186012007</marc:subfield>
            <marc:subfield code="8">v. 1</marc:subfield>
            <marc:subfield code="6">2007-10-30</marc:subfield>
            <marc:subfield code="i">OP001000</marc:subfield>
          </marc:datafield>
          <marc:datafield tag="852" ind1=" " ind2=" ">
            <marc:subfield code="a">九大理系(FA02289X)</marc:subfield>
            <marc:subfield code="k">501.32/St 8/(2)</marc:subfield>
            <marc:subfield code="m">NDC</marc:subfield>
            <marc:subfield code="b">Ito</marc:subfield>
            <marc:subfield code="c">***遡及PA2002  航空</marc:subfield>
            <marc:subfield code="x">Library</marc:subfield>
            <marc:subfield code="j">伊都理系 1F 開架</marc:subfield>
            <marc:subfield code="g">Ito Rikei １F open</marc:subfield>
            <marc:subfield code="p">068252186012010</marc:subfield>
            <marc:subfield code="8">v. 2</marc:subfield>
            <marc:subfield code="6">2007-10-30</marc:subfield>
            <marc:subfield code="i">OP001000</marc:subfield>
          </marc:datafield>
          <marc:datafield tag="852" ind1=" " ind2=" ">
            <marc:subfield code="a">九大理系(FA02289X)</marc:subfield>
            <marc:subfield code="k">03/B/MUR</marc:subfield>
            <marc:subfield code="m">OTHER</marc:subfield>
            <marc:subfield code="b">Ito</marc:subfield>
            <marc:subfield code="c">***遡及PA2003 1104317 機械</marc:subfield>
            <marc:subfield code="x">Research room</marc:subfield>
            <marc:subfield code="j">工機械 材料強度3</marc:subfield>
            <marc:subfield code="g">ENGINEERING Library of Mechanical Eng. Sci.</marc:subfield>
            <marc:subfield code="p">068252186012022</marc:subfield>
            <marc:subfield code="8">v. 1</marc:subfield>
            <marc:subfield code="6">2005-12-14</marc:subfield>
            <marc:subfield code="i">HA460203</marc:subfield>
          </marc:datafield>
          <marc:datafield tag="852" ind1=" " ind2=" ">
            <marc:subfield code="a">九大理系(FA02289X)</marc:subfield>
            <marc:subfield code="k">03/B/MUR</marc:subfield>
            <marc:subfield code="m">OTHER</marc:subfield>
            <marc:subfield code="b">Ito</marc:subfield>
            <marc:subfield code="c">***遡及PA2003 1104318 機械</marc:subfield>
            <marc:subfield code="x">Research room</marc:subfield>
            <marc:subfield code="j">工機械 材料強度3</marc:subfield>
            <marc:subfield code="g">ENGINEERING Library of Mechanical Eng. Sci.</marc:subfield>
            <marc:subfield code="p">068252186012034</marc:subfield>
            <marc:subfield code="8">v. 2</marc:subfield>
            <marc:subfield code="6">2005-12-14</marc:subfield>
            <marc:subfield code="i">HA460203</marc:subfield>
          </marc:datafield>
          <marc:datafield tag="852" ind1=" " ind2=" ">
            <marc:subfield code="a">九大理系(FA02289X)</marc:subfield>
            <marc:subfield code="k">03/B/MUR</marc:subfield>
            <marc:subfield code="m">OTHER</marc:subfield>
            <marc:subfield code="b">Ito</marc:subfield>
            <marc:subfield code="c">***遡及PA2003 1104319 機械</marc:subfield>
            <marc:subfield code="x">Research room</marc:subfield>
            <marc:subfield code="j">工機械 固体力学1</marc:subfield>
            <marc:subfield code="g">ENGINEERING Library of Mechanical Eng. Sci.</marc:subfield>
            <marc:subfield code="p">068252186012111</marc:subfield>
            <marc:subfield code="8">v. 1</marc:subfield>
            <marc:subfield code="6">2005-12-14</marc:subfield>
            <marc:subfield code="i">HA460101</marc:subfield>
          </marc:datafield>
          <marc:datafield tag="852" ind1=" " ind2=" ">
            <marc:subfield code="a">九大理系(FA02289X)</marc:subfield>
            <marc:subfield code="k">03/B/MUR</marc:subfield>
            <marc:subfield code="m">OTHER</marc:subfield>
            <marc:subfield code="b">Ito</marc:subfield>
            <marc:subfield code="c">***遡及PA2003 1104320 機械</marc:subfield>
            <marc:subfield code="x">Research room</marc:subfield>
            <marc:subfield code="j">工機械 固体力学1</marc:subfield>
            <marc:subfield code="g">ENGINEERING Library of Mechanical Eng. Sci.</marc:subfield>
            <marc:subfield code="p">068252186012123</marc:subfield>
            <marc:subfield code="8">v. 2</marc:subfield>
            <marc:subfield code="6">2005-12-14</marc:subfield>
            <marc:subfield code="i">HA460101</marc:subfield>
          </marc:datafield>
          <marc:datafield tag="852" ind1=" " ind2=" ">
            <marc:subfield code="a">九大理系(FA02289X)</marc:subfield>
            <marc:subfield code="k">03/B/MUR</marc:subfield>
            <marc:subfield code="m">OTHER</marc:subfield>
            <marc:subfield code="b">Ito</marc:subfield>
            <marc:subfield code="c">***遡及PA2003 1104321 機械</marc:subfield>
            <marc:subfield code="x">Research room</marc:subfield>
            <marc:subfield code="j">工機械 材料強度2</marc:subfield>
            <marc:subfield code="g">ENGINEERING Library of Mechanical Eng. Sci.</marc:subfield>
            <marc:subfield code="p">068252186012135</marc:subfield>
            <marc:subfield code="8">v. 1</marc:subfield>
            <marc:subfield code="6">2007-07-19</marc:subfield>
            <marc:subfield code="i">HA460202</marc:subfield>
          </marc:datafield>
          <marc:datafield tag="852" ind1=" " ind2=" ">
            <marc:subfield code="a">九大理系(FA02289X)</marc:subfield>
            <marc:subfield code="k">03/B/MUR</marc:subfield>
            <marc:subfield code="m">OTHER</marc:subfield>
            <marc:subfield code="b">Ito</marc:subfield>
            <marc:subfield code="c">***遡及PA2003 1104322 機械</marc:subfield>
            <marc:subfield code="x">Research room</marc:subfield>
            <marc:subfield code="j">工機械 材料強度2</marc:subfield>
            <marc:subfield code="g">ENGINEERING Library of Mechanical Eng. Sci.</marc:subfield>
            <marc:subfield code="p">068252186012147</marc:subfield>
            <marc:subfield code="8">v. 2</marc:subfield>
            <marc:subfield code="6">2007-07-19</marc:subfield>
            <marc:subfield code="i">HA460202</marc:subfield>
          </marc:datafield>
          <marc:datafield tag="852" ind1=" " ind2=" ">
            <marc:subfield code="a">九大理系(FA02289X)</marc:subfield>
            <marc:subfield code="k">501.32/St 8</marc:subfield>
            <marc:subfield code="m">NDC</marc:subfield>
            <marc:subfield code="b">Ito</marc:subfield>
            <marc:subfield code="c">***遡及PA2002 1104323 機械</marc:subfield>
            <marc:subfield code="x">Library</marc:subfield>
            <marc:subfield code="j">伊都理系 1F 開架</marc:subfield>
            <marc:subfield code="g">Ito Rikei １F open</marc:subfield>
            <marc:subfield code="p">068252186012150</marc:subfield>
            <marc:subfield code="8">v. 1</marc:subfield>
            <marc:subfield code="6">2006-03-14</marc:subfield>
            <marc:subfield code="i">OP001000</marc:subfield>
          </marc:datafield>
          <marc:datafield tag="852" ind1=" " ind2=" ">
            <marc:subfield code="a">九大理系(FA02289X)</marc:subfield>
            <marc:subfield code="k">501.32/St 8/(2)</marc:subfield>
            <marc:subfield code="m">NDC</marc:subfield>
            <marc:subfield code="b">Ito</marc:subfield>
            <marc:subfield code="c">***遡及PA2002 1104324 機械</marc:subfield>
            <marc:subfield code="x">Library</marc:subfield>
            <marc:subfield code="j">伊都理系 1F 開架</marc:subfield>
            <marc:subfield code="g">Ito Rikei １F open</marc:subfield>
            <marc:subfield code="p">068252186012162</marc:subfield>
            <marc:subfield code="8">v. 2</marc:subfield>
            <marc:subfield code="6">2007-11-22</marc:subfield>
            <marc:subfield code="i">OP001000</marc:subfield>
          </marc:datafield>
          <marc:datafield tag="852" ind1=" " ind2=" ">
            <marc:subfield code="a">九大理系(FA02289X)</marc:subfield>
            <marc:subfield code="k">501.32/Mu 43/1</marc:subfield>
            <marc:subfield code="m">NDC</marc:subfield>
            <marc:subfield code="b">Ito</marc:subfield>
            <marc:subfield code="c">***遡及PA2003 土木</marc:subfield>
            <marc:subfield code="x">Library</marc:subfield>
            <marc:subfield code="j">伊都理系　自動書庫</marc:subfield>
            <marc:subfield code="g">Ito Library ASRS</marc:subfield>
            <marc:subfield code="p">068252186013280</marc:subfield>
            <marc:subfield code="8">v. 1</marc:subfield>
            <marc:subfield code="6">2006-12-06</marc:subfield>
            <marc:subfield code="i">OP900000</marc:subfield>
          </marc:datafield>
          <marc:datafield tag="852" ind1=" " ind2=" ">
            <marc:subfield code="a">九大理系(FA02289X)</marc:subfield>
            <marc:subfield code="k">501.32/Mu 43/2</marc:subfield>
            <marc:subfield code="m">NDC</marc:subfield>
            <marc:subfield code="b">Ito</marc:subfield>
            <marc:subfield code="c">***遡及PA2003 土木</marc:subfield>
            <marc:subfield code="x">Library</marc:subfield>
            <marc:subfield code="j">伊都理系　自動書庫</marc:subfield>
            <marc:subfield code="g">Ito Library ASRS</marc:subfield>
            <marc:subfield code="p">068252186013292</marc:subfield>
            <marc:subfield code="8">v. 2</marc:subfield>
            <marc:subfield code="6">2006-12-06</marc:subfield>
            <marc:subfield code="i">OP900000</marc:subfield>
          </marc:datafield>
          <marc:datafield tag="852" ind1=" " ind2=" ">
            <marc:subfield code="a">九大理系(FA02289X)</marc:subfield>
            <marc:subfield code="k">03/B/MUR</marc:subfield>
            <marc:subfield code="m">OTHER</marc:subfield>
            <marc:subfield code="b">Ito</marc:subfield>
            <marc:subfield code="c">***遡及PA2003 1104474 機械</marc:subfield>
            <marc:subfield code="x">Research room</marc:subfield>
            <marc:subfield code="j">工機械 固体力学1</marc:subfield>
            <marc:subfield code="g">ENGINEERING Library of Mechanical Eng. Sci.</marc:subfield>
            <marc:subfield code="p">068252190006610</marc:subfield>
            <marc:subfield code="z">219104393</marc:subfield>
            <marc:subfield code="8">Vol. 1.</marc:subfield>
            <marc:subfield code="6">2007-10-30</marc:subfield>
            <marc:subfield code="i">HA460101</marc:subfield>
          </marc:datafield>
          <marc:datafield tag="852" ind1=" " ind2=" ">
            <marc:subfield code="a">九大理系(FA02289X)</marc:subfield>
            <marc:subfield code="k">03/B/MUR</marc:subfield>
            <marc:subfield code="m">OTHER</marc:subfield>
            <marc:subfield code="b">Ito</marc:subfield>
            <marc:subfield code="c">***遡及PA2003 1104475 機械</marc:subfield>
            <marc:subfield code="x">Research room</marc:subfield>
            <marc:subfield code="j">工機械 固体力学1</marc:subfield>
            <marc:subfield code="g">ENGINEERING Library of Mechanical Eng. Sci.</marc:subfield>
            <marc:subfield code="p">068252190006622</marc:subfield>
            <marc:subfield code="z">219104393</marc:subfield>
            <marc:subfield code="8">Vol. 1.</marc:subfield>
            <marc:subfield code="6">2005-12-14</marc:subfield>
            <marc:subfield code="i">HA460101</marc:subfield>
          </marc:datafield>
          <marc:datafield tag="852" ind1=" " ind2=" ">
            <marc:subfield code="a">九大理系(FA02289X)</marc:subfield>
            <marc:subfield code="k">501.32/St 8/(3)</marc:subfield>
            <marc:subfield code="m">NDC</marc:subfield>
            <marc:subfield code="b">Ito</marc:subfield>
            <marc:subfield code="c">機械</marc:subfield>
            <marc:subfield code="x">Library</marc:subfield>
            <marc:subfield code="j">伊都理系 1F 開架</marc:subfield>
            <marc:subfield code="g">Ito Rikei １F open</marc:subfield>
            <marc:subfield code="p">068252192010025</marc:subfield>
            <marc:subfield code="8">V. 3.</marc:subfield>
            <marc:subfield code="6">2007-11-22</marc:subfield>
            <marc:subfield code="i">OP001000</marc:subfield>
          </marc:datafield>
          <marc:datafield tag="852" ind1=" " ind2=" ">
            <marc:subfield code="a">九大理系(FA02289X)</marc:subfield>
            <marc:subfield code="k">03/B/MUR</marc:subfield>
            <marc:subfield code="m">OTHER</marc:subfield>
            <marc:subfield code="b">Ito</marc:subfield>
            <marc:subfield code="c">***遡及PA2003 1104515 機械</marc:subfield>
            <marc:subfield code="x">Research room</marc:subfield>
            <marc:subfield code="j">工機械 材料強度3</marc:subfield>
            <marc:subfield code="g">ENGINEERING Library of Mechanical Eng. Sci.</marc:subfield>
            <marc:subfield code="p">068252192010037</marc:subfield>
            <marc:subfield code="z">219512300</marc:subfield>
            <marc:subfield code="8">V. 3.</marc:subfield>
            <marc:subfield code="6">2005-12-14</marc:subfield>
            <marc:subfield code="i">HA460203</marc:subfield>
          </marc:datafield>
          <marc:datafield tag="852" ind1=" " ind2=" ">
            <marc:subfield code="a">九大理系(FA02289X)</marc:subfield>
            <marc:subfield code="k">03/B/MUR</marc:subfield>
            <marc:subfield code="m">OTHER</marc:subfield>
            <marc:subfield code="b">Ito</marc:subfield>
            <marc:subfield code="c">***遡及PA2003 1104514 機械</marc:subfield>
            <marc:subfield code="x">Research room</marc:subfield>
            <marc:subfield code="j">工機械 固体力学1</marc:subfield>
            <marc:subfield code="g">ENGINEERING Library of Mechanical Eng. Sci.</marc:subfield>
            <marc:subfield code="p">068252192010040</marc:subfield>
            <marc:subfield code="z">219512300</marc:subfield>
            <marc:subfield code="8">V. 3.</marc:subfield>
            <marc:subfield code="6">2005-12-14</marc:subfield>
            <marc:subfield code="i">HA460101</marc:subfield>
          </marc:datafield>
          <marc:datafield tag="852" ind1=" " ind2=" ">
            <marc:subfield code="a">九大理系(FA02289X)</marc:subfield>
            <marc:subfield code="k">03/B/MUR</marc:subfield>
            <marc:subfield code="m">OTHER</marc:subfield>
            <marc:subfield code="b">Ito</marc:subfield>
            <marc:subfield code="c">***遡及PA2003 1104517 機械</marc:subfield>
            <marc:subfield code="x">Research room</marc:subfield>
            <marc:subfield code="j">工機械 材料強度2</marc:subfield>
            <marc:subfield code="g">ENGINEERING Library of Mechanical Eng. Sci.</marc:subfield>
            <marc:subfield code="p">068252192010052</marc:subfield>
            <marc:subfield code="z">219512300</marc:subfield>
            <marc:subfield code="8">V. 3.</marc:subfield>
            <marc:subfield code="6">2007-07-19</marc:subfield>
            <marc:subfield code="i">HA460202</marc:subfield>
          </marc:datafield>
          <marc:datafield tag="852" ind1=" " ind2=" ">
            <marc:subfield code="a">九大理系(FA02289X)</marc:subfield>
            <marc:subfield code="k">501.32/St 8/(3)</marc:subfield>
            <marc:subfield code="m">NDC</marc:subfield>
            <marc:subfield code="b">Ito</marc:subfield>
            <marc:subfield code="c">219512300 機械</marc:subfield>
            <marc:subfield code="x">Library</marc:subfield>
            <marc:subfield code="j">伊都理系 1F 開架</marc:subfield>
            <marc:subfield code="g">Ito Rikei １F open</marc:subfield>
            <marc:subfield code="p">068252192010064</marc:subfield>
            <marc:subfield code="8">V. 3.</marc:subfield>
            <marc:subfield code="6">2007-11-22</marc:subfield>
            <marc:subfield code="i">OP001000</marc:subfield>
          </marc:datafield>
          <marc:datafield tag="852" ind1=" " ind2=" ">
            <marc:subfield code="a">九大理系(FA02289X)</marc:subfield>
            <marc:subfield code="k">501.32/Mu 43/3</marc:subfield>
            <marc:subfield code="m">NDC</marc:subfield>
            <marc:subfield code="b">Ito</marc:subfield>
            <marc:subfield code="c">219512300 一般C 土木</marc:subfield>
            <marc:subfield code="x">Library</marc:subfield>
            <marc:subfield code="j">伊都理系　自動書庫</marc:subfield>
            <marc:subfield code="g">Ito Library ASRS</marc:subfield>
            <marc:subfield code="p">068252192010405</marc:subfield>
            <marc:subfield code="8">V. 3.</marc:subfield>
            <marc:subfield code="6">2006-12-06</marc:subfield>
            <marc:subfield code="i">OP900000</marc:subfield>
          </marc:datafield>
          <marc:datafield tag="852" ind1=" " ind2=" ">
            <marc:subfield code="a">九大理系(FA02289X)</marc:subfield>
            <marc:subfield code="k">03/B/MUR</marc:subfield>
            <marc:subfield code="m">OTHER</marc:subfield>
            <marc:subfield code="b">Ito</marc:subfield>
            <marc:subfield code="c">2006/09 栄 中助教授より、久保田祐信助手へ借用換え</marc:subfield>
            <marc:subfield code="x">Research room</marc:subfield>
            <marc:subfield code="j">工機械 機械材料3</marc:subfield>
            <marc:subfield code="g">ENGINEERING Library of Mechanical Eng. Sci.</marc:subfield>
            <marc:subfield code="p">068252192010798</marc:subfield>
            <marc:subfield code="8">Vol. 1.</marc:subfield>
            <marc:subfield code="6">2006-09-08</marc:subfield>
            <marc:subfield code="i">HA470103</marc:subfield>
          </marc:datafield>
          <marc:datafield tag="852" ind1=" " ind2=" ">
            <marc:subfield code="a">九大理系(FA02289X)</marc:subfield>
            <marc:subfield code="k">03/B/MUR</marc:subfield>
            <marc:subfield code="m">OTHER</marc:subfield>
            <marc:subfield code="b">Ito</marc:subfield>
            <marc:subfield code="c">2006/09 栄 中助教授より、久保田祐信助手へ借用換え</marc:subfield>
            <marc:subfield code="x">Research room</marc:subfield>
            <marc:subfield code="j">工機械 機械材料3</marc:subfield>
            <marc:subfield code="g">ENGINEERING Library of Mechanical Eng. Sci.</marc:subfield>
            <marc:subfield code="p">068252192010800</marc:subfield>
            <marc:subfield code="8">Vol. 2.</marc:subfield>
            <marc:subfield code="6">2007-10-30</marc:subfield>
            <marc:subfield code="i">HA470103</marc:subfield>
          </marc:datafield>
          <marc:datafield tag="852" ind1=" " ind2=" ">
            <marc:subfield code="a">九大理系(FA02289X)</marc:subfield>
            <marc:subfield code="k">03/B/MUR</marc:subfield>
            <marc:subfield code="m">OTHER</marc:subfield>
            <marc:subfield code="b">Ito</marc:subfield>
            <marc:subfield code="c">2006/09 栄 中助教授より、久保田祐信助手へ借用換え</marc:subfield>
            <marc:subfield code="x">Research room</marc:subfield>
            <marc:subfield code="j">工機械 機械材料3</marc:subfield>
            <marc:subfield code="g">ENGINEERING Library of Mechanical Eng. Sci.</marc:subfield>
            <marc:subfield code="p">068252192010812</marc:subfield>
            <marc:subfield code="8">V. 3.</marc:subfield>
            <marc:subfield code="6">2006-09-08</marc:subfield>
            <marc:subfield code="i">HA470103</marc:subfield>
          </marc:datafield>
          <marc:datafield tag="852" ind1=" " ind2=" ">
            <marc:subfield code="a">九大(FA003454)</marc:subfield>
            <marc:subfield code="k">501.32/Mu 43/s(1)</marc:subfield>
            <marc:subfield code="m">NDC</marc:subfield>
            <marc:subfield code="b">Central</marc:subfield>
            <marc:subfield code="c">219104393</marc:subfield>
            <marc:subfield code="x">Research room</marc:subfield>
            <marc:subfield code="j">農 生物生産工学</marc:subfield>
            <marc:subfield code="g">AGRICULTURE</marc:subfield>
            <marc:subfield code="p">068342186005447</marc:subfield>
            <marc:subfield code="8">Vol. 1.</marc:subfield>
            <marc:subfield code="6">2003-05-22</marc:subfield>
            <marc:subfield code="i">JA064501</marc:subfield>
          </marc:datafield>
          <marc:datafield tag="852" ind1=" " ind2=" ">
            <marc:subfield code="a">九大(FA003454)</marc:subfield>
            <marc:subfield code="k">501.32/Mu 43/s(2)</marc:subfield>
            <marc:subfield code="m">NDC</marc:subfield>
            <marc:subfield code="b">Central</marc:subfield>
            <marc:subfield code="c">219104394</marc:subfield>
            <marc:subfield code="x">Research room</marc:subfield>
            <marc:subfield code="j">農 生物生産工学</marc:subfield>
            <marc:subfield code="g">AGRICULTURE</marc:subfield>
            <marc:subfield code="p">068342186005450</marc:subfield>
            <marc:subfield code="8">Vol. 2.</marc:subfield>
            <marc:subfield code="6">2003-05-22</marc:subfield>
            <marc:subfield code="i">JA064501</marc:subfield>
          </marc:datafield>
          <marc:datafield tag="852" ind1=" " ind2=" ">
            <marc:subfield code="a">九大筑(FA022084)</marc:subfield>
            <marc:subfield code="k">531/Mu 43</marc:subfield>
            <marc:subfield code="m">NDC</marc:subfield>
            <marc:subfield code="b">Chikushi</marc:subfield>
            <marc:subfield code="c">***遡及PA2001 34509</marc:subfield>
            <marc:subfield code="x">Research room</marc:subfield>
            <marc:subfield code="j">応研</marc:subfield>
            <marc:subfield code="g">OOKEN</marc:subfield>
            <marc:subfield code="p">071232000082864</marc:subfield>
            <marc:subfield code="8">v. 1</marc:subfield>
            <marc:subfield code="6">2003-05-22</marc:subfield>
            <marc:subfield code="i">NB000000</marc:subfield>
          </marc:datafield>
          <marc:datafield tag="852" ind1=" " ind2=" ">
            <marc:subfield code="a">九大筑(FA022084)</marc:subfield>
            <marc:subfield code="k">531/Mu 43</marc:subfield>
            <marc:subfield code="m">NDC</marc:subfield>
            <marc:subfield code="b">Chikushi</marc:subfield>
            <marc:subfield code="c">***遡及PA2001 34510</marc:subfield>
            <marc:subfield code="x">Research room</marc:subfield>
            <marc:subfield code="j">応研</marc:subfield>
            <marc:subfield code="g">OOKEN</marc:subfield>
            <marc:subfield code="p">071232000082876</marc:subfield>
            <marc:subfield code="8">v. 2</marc:subfield>
            <marc:subfield code="6">2003-05-22</marc:subfield>
            <marc:subfield code="i">NB000000</marc:subfield>
          </marc:datafield>
          <marc:datafield tag="852" ind1=" " ind2=" ">
            <marc:subfield code="a">九大筑(FA022084)</marc:subfield>
            <marc:subfield code="k">531/St 8</marc:subfield>
            <marc:subfield code="m">NDC</marc:subfield>
            <marc:subfield code="b">Chikushi</marc:subfield>
            <marc:subfield code="c">***遡及PA2001 39308</marc:subfield>
            <marc:subfield code="x">Research room</marc:subfield>
            <marc:subfield code="j">応研</marc:subfield>
            <marc:subfield code="g">OOKEN</marc:subfield>
            <marc:subfield code="p">071232000082891</marc:subfield>
            <marc:subfield code="8">v. 3</marc:subfield>
            <marc:subfield code="6">2003-05-22</marc:subfield>
            <marc:subfield code="i">NB000000</marc:subfield>
          </marc:datafield>
          <marc:datafield tag="852" ind1=" " ind2=" ">
            <marc:subfield code="a">九大芸(FA003476)</marc:subfield>
            <marc:subfield code="k">501.5/Mu43/1</marc:subfield>
            <marc:subfield code="m">OTHER</marc:subfield>
            <marc:subfield code="b">Design</marc:subfield>
            <marc:subfield code="x">Research room</marc:subfield>
            <marc:subfield code="j">芸工 研究室</marc:subfield>
            <marc:subfield code="g">DESIGN LIBRARY</marc:subfield>
            <marc:subfield code="p">072032186007096</marc:subfield>
            <marc:subfield code="8">v. 1</marc:subfield>
            <marc:subfield code="6">2004-08-05</marc:subfield>
            <marc:subfield code="i">LA303004</marc:subfield>
          </marc:datafield>
          <marc:datafield tag="852" ind1=" " ind2=" ">
            <marc:subfield code="a">九大芸(FA003476)</marc:subfield>
            <marc:subfield code="k">501.5/Mu43/2</marc:subfield>
            <marc:subfield code="m">OTHER</marc:subfield>
            <marc:subfield code="b">Design</marc:subfield>
            <marc:subfield code="x">Research room</marc:subfield>
            <marc:subfield code="j">芸工 研究室</marc:subfield>
            <marc:subfield code="g">DESIGN LIBRARY</marc:subfield>
            <marc:subfield code="p">072032186007107</marc:subfield>
            <marc:subfield code="8">v. 2</marc:subfield>
            <marc:subfield code="6">2004-08-05</marc:subfield>
            <marc:subfield code="i">LA303004</marc:subfield>
          </marc:datafield>
          <marc:datafield tag="880" ind1="1" ind2=" ">
            <marc:subfield code="6">100-01/$1</marc:subfield>
            <marc:subfield code="a">ムラカミ, ユキタカ</marc:subfield>
          </marc:datafield>
          <marc:datafield tag="880" ind1="1" ind2=" ">
            <marc:subfield code="6">100-02/$1</marc:subfield>
            <marc:subfield code="a">アオキ, シゲル</marc:subfield>
          </marc:datafield>
        </marc:record>
      </metadata>
    </record>