
    <record>
      <header>
        <identifier>oai:carli.illinois.edu:CARLIVoyager2/448</identifier>
        <datestamp>2011-10-21T18:55:53Z</datestamp>
        <setSpec>bib</setSpec>
      </header>
      <metadata>
        <marc:record xmlns:marc="http://www.loc.gov/MARC21/slim" xmlns:xsi="http://www.w3.org/2001/XMLSchema-instance" xsi:schemaLocation="http://www.loc.gov/MARC21/slim http://xc.ilcso.uiuc.edu:8080/OAIToolkit2/schema/MARC21slim_custom.xsd">
          <marc:leader>01773nam a2200397zi 4500</marc:leader>
          <marc:controlfield tag="001">BA06652074</marc:controlfield>
          <marc:controlfield tag="003">NII</marc:controlfield>
          <marc:controlfield tag="005">20110909134245.0</marc:controlfield>
          <marc:controlfield tag="007">ta </marc:controlfield>
          <marc:controlfield tag="008">090910s1972    gw ||||||b||||||||||eng|d</marc:controlfield>
          <marc:datafield tag="010" ind1=" " ind2=" ">
            <marc:subfield code="a">72088927</marc:subfield>
          </marc:datafield>
          <marc:datafield tag="016" ind1="7" ind2=" ">
            <marc:subfield code="a">BA06652074</marc:subfield>
            <marc:subfield code="2">JP-ToKJK</marc:subfield>
          </marc:datafield>
          <marc:datafield tag="020" ind1=" " ind2=" ">
            <marc:subfield code="a">0387059857(: U.S.)</marc:subfield>
          </marc:datafield>
          <marc:datafield tag="020" ind1=" " ind2=" ">
            <marc:subfield code="a">3540059857(: Germany)</marc:subfield>
          </marc:datafield>
          <marc:datafield tag="040" ind1=" " ind2=" ">
            <marc:subfield code="a">NII</marc:subfield>
          </marc:datafield>
          <marc:datafield tag="041" ind1="0" ind2=" ">
            <marc:subfield code="a">eng</marc:subfield>
          </marc:datafield>
          <marc:datafield tag="044" ind1=" " ind2=" ">
            <marc:subfield code="a">gw</marc:subfield>
            <marc:subfield code="5">NII</marc:subfield>
          </marc:datafield>
          <marc:datafield tag="050" ind1="0" ind2="0">
            <marc:subfield code="a">QA3</marc:subfield>
          </marc:datafield>
          <marc:datafield tag="050" ind1="0" ind2="0">
            <marc:subfield code="a">QA331</marc:subfield>
          </marc:datafield>
          <marc:datafield tag="082" ind1="1" ind2="4">
            <marc:subfield code="a">510/.8 s</marc:subfield>
          </marc:datafield>
          <marc:datafield tag="082" ind1="1" ind2="4">
            <marc:subfield code="a">515/.9</marc:subfield>
          </marc:datafield>
          <marc:datafield tag="100" ind1="1" ind2=" ">
            <marc:subfield code="6">880-01</marc:subfield>
            <marc:subfield code="a">村上, 信吾(1927-)</marc:subfield>
            <marc:subfield code="0">(NII)DA00585582</marc:subfield>
          </marc:datafield>
          <marc:datafield tag="245" ind1="1" ind2="0">
            <marc:subfield code="a">On automorphisms of Siegel domains</marc:subfield>
            <marc:subfield code="c">Shingo Murakami</marc:subfield>
          </marc:datafield>
          <marc:datafield tag="260" ind1=" " ind2=" ">
            <marc:subfield code="a">Berlin ; New York</marc:subfield>
            <marc:subfield code="b">Springer-Verlag</marc:subfield>
            <marc:subfield code="c">1972</marc:subfield>
          </marc:datafield>
          <marc:datafield tag="300" ind1=" " ind2=" ">
            <marc:subfield code="a">95 p</marc:subfield>
            <marc:subfield code="c">26 cm</marc:subfield>
          </marc:datafield>
          <marc:datafield tag="490" ind1="0" ind2=" ">
            <marc:subfield code="a">Lecture notes in mathematics</marc:subfield>
            <marc:subfield code="3">BA00146586</marc:subfield>
            <marc:subfield code="v">286</marc:subfield>
          </marc:datafield>
          <marc:datafield tag="650" ind1=" " ind2="0">
            <marc:subfield code="a">Siegel domains</marc:subfield>
            <marc:subfield code="2">LCSH</marc:subfield>
          </marc:datafield>
          <marc:datafield tag="650" ind1=" " ind2="0">
            <marc:subfield code="a">Automorphisms</marc:subfield>
            <marc:subfield code="2">LCSH</marc:subfield>
          </marc:datafield>
          <marc:datafield tag="740" ind1="0" ind2=" ">
            <marc:subfield code="a">On automorphisms of Siegel domains</marc:subfield>
          </marc:datafield>
          <marc:datafield tag="830" ind1=" " ind2=" ">
            <marc:subfield code="w">BA00146586</marc:subfield>
          </marc:datafield>
          <marc:datafield tag="852" ind1=" " ind2=" ">
            <marc:subfield code="a">九大理系(FA02289X)</marc:subfield>
            <marc:subfield code="k">SER/LNM/K286</marc:subfield>
            <marc:subfield code="m">OTHER</marc:subfield>
            <marc:subfield code="b">Ito</marc:subfield>
            <marc:subfield code="c">***遡及PA2003 837662 応理</marc:subfield>
            <marc:subfield code="x">Library</marc:subfield>
            <marc:subfield code="j">数理学研究院 雑誌室</marc:subfield>
            <marc:subfield code="g">Faculty of Mathematics Library</marc:subfield>
            <marc:subfield code="p">027232003245997</marc:subfield>
            <marc:subfield code="f">3540059857</marc:subfield>
            <marc:subfield code="8">: Germany</marc:subfield>
            <marc:subfield code="6">2009-08-19</marc:subfield>
            <marc:subfield code="i">EB007000</marc:subfield>
          </marc:datafield>
          <marc:datafield tag="852" ind1=" " ind2=" ">
            <marc:subfield code="a">九大理系(FA02289X)</marc:subfield>
            <marc:subfield code="k">SER/LNM/286</marc:subfield>
            <marc:subfield code="m">OTHER</marc:subfield>
            <marc:subfield code="b">Ito</marc:subfield>
            <marc:subfield code="c">図書館 742858</marc:subfield>
            <marc:subfield code="x">Library</marc:subfield>
            <marc:subfield code="j">伊都理系［数理］</marc:subfield>
            <marc:subfield code="g">Ito Rikei 1F Math.</marc:subfield>
            <marc:subfield code="p">068222480033017</marc:subfield>
            <marc:subfield code="f">3540059857</marc:subfield>
            <marc:subfield code="6">2009-09-08</marc:subfield>
            <marc:subfield code="i">OP230000</marc:subfield>
          </marc:datafield>
          <marc:datafield tag="852" ind1=" " ind2=" ">
            <marc:subfield code="a">九大理系(FA02289X)</marc:subfield>
            <marc:subfield code="k">SER/LNM/286A</marc:subfield>
            <marc:subfield code="m">OTHER</marc:subfield>
            <marc:subfield code="b">Ito</marc:subfield>
            <marc:subfield code="c">図書館 280376</marc:subfield>
            <marc:subfield code="x">Library</marc:subfield>
            <marc:subfield code="j">伊都理系［数理］</marc:subfield>
            <marc:subfield code="g">Ito Rikei 1F Math.</marc:subfield>
            <marc:subfield code="p">068222480033020</marc:subfield>
            <marc:subfield code="f">3540059857</marc:subfield>
            <marc:subfield code="6">2009-09-08</marc:subfield>
            <marc:subfield code="i">OP230000</marc:subfield>
          </marc:datafield>
          <marc:datafield tag="852" ind1=" " ind2=" ">
            <marc:subfield code="a">九大芸(FA003476)</marc:subfield>
            <marc:subfield code="k">410.8/L49/286</marc:subfield>
            <marc:subfield code="m">OTHER</marc:subfield>
            <marc:subfield code="b">Design</marc:subfield>
            <marc:subfield code="x">Library</marc:subfield>
            <marc:subfield code="j">芸工保存書庫</marc:subfield>
            <marc:subfield code="g">DESIGN LIBRARY</marc:subfield>
            <marc:subfield code="p">072032172006441</marc:subfield>
            <marc:subfield code="f">3540059857</marc:subfield>
            <marc:subfield code="8">: Germany</marc:subfield>
            <marc:subfield code="6">2007-02-09</marc:subfield>
            <marc:subfield code="i">OS000050</marc:subfield>
          </marc:datafield>
          <marc:datafield tag="880" ind1="1" ind2=" ">
            <marc:subfield code="6">100-01/$1</marc:subfield>
            <marc:subfield code="a">ムラカミ, シンゴ</marc:subfield>
          </marc:datafield>
        </marc:record>
      </metadata>
    </record>