
    <record>
      <header>
        <identifier>oai:carli.illinois.edu:CARLIVoyager2/449</identifier>
        <datestamp>2011-10-21T18:55:53Z</datestamp>
        <setSpec>bib</setSpec>
      </header>
      <metadata>
        <marc:record xmlns:marc="http://www.loc.gov/MARC21/slim" xmlns:xsi="http://www.w3.org/2001/XMLSchema-instance" xsi:schemaLocation="http://www.loc.gov/MARC21/slim http://xc.ilcso.uiuc.edu:8080/OAIToolkit2/schema/MARC21slim_custom.xsd">
          <marc:leader>01767nam a2200349zi 4500</marc:leader>
          <marc:controlfield tag="001">BA07008241</marc:controlfield>
          <marc:controlfield tag="003">NII</marc:controlfield>
          <marc:controlfield tag="005">20110909134245.0</marc:controlfield>
          <marc:controlfield tag="007">ta </marc:controlfield>
          <marc:controlfield tag="008">090917s1989    si ||||||b||||||||||eng|d</marc:controlfield>
          <marc:datafield tag="010" ind1=" " ind2=" ">
            <marc:subfield code="a">89033488</marc:subfield>
          </marc:datafield>
          <marc:datafield tag="016" ind1="7" ind2=" ">
            <marc:subfield code="a">BA07008241</marc:subfield>
            <marc:subfield code="2">JP-ToKJK</marc:subfield>
          </marc:datafield>
          <marc:datafield tag="020" ind1=" " ind2=" ">
            <marc:subfield code="a">9971508168</marc:subfield>
          </marc:datafield>
          <marc:datafield tag="020" ind1=" " ind2=" ">
            <marc:subfield code="a">9971508346(: pbk.)</marc:subfield>
          </marc:datafield>
          <marc:datafield tag="040" ind1=" " ind2=" ">
            <marc:subfield code="a">NII</marc:subfield>
          </marc:datafield>
          <marc:datafield tag="041" ind1="0" ind2=" ">
            <marc:subfield code="a">eng</marc:subfield>
          </marc:datafield>
          <marc:datafield tag="044" ind1=" " ind2=" ">
            <marc:subfield code="a">si</marc:subfield>
            <marc:subfield code="5">NII</marc:subfield>
          </marc:datafield>
          <marc:datafield tag="050" ind1="0" ind2="0">
            <marc:subfield code="a">TK7872.S8</marc:subfield>
          </marc:datafield>
          <marc:datafield tag="082" ind1="1" ind2="4">
            <marc:subfield code="a">621.3</marc:subfield>
          </marc:datafield>
          <marc:datafield tag="100" ind1="1" ind2=" ">
            <marc:subfield code="a">International Symposium on New Developments in Applied Superconductivity</marc:subfield>
            <marc:subfield code="e">(1988 : Suita, Osaka, Japan)</marc:subfield>
            <marc:subfield code="0">(NII)DA03333021</marc:subfield>
          </marc:datafield>
          <marc:datafield tag="100" ind1="1" ind2=" ">
            <marc:subfield code="6">880-01</marc:subfield>
            <marc:subfield code="a">村上, 吉繁</marc:subfield>
            <marc:subfield code="0">(NII)DA03340639</marc:subfield>
          </marc:datafield>
          <marc:datafield tag="245" ind1="1" ind2="0">
            <marc:subfield code="a">International Symposium on New Developments in Applied Superconductivity, Suita, Osaka, Japan, Oct. 17-19, 1988</marc:subfield>
            <marc:subfield code="b">a supplement of annual report of Laboratory for Applied Superconductivity , Osaka University</marc:subfield>
            <marc:subfield code="c">editor, Y. Murakami</marc:subfield>
          </marc:datafield>
          <marc:datafield tag="246" ind1="3" ind2="8">
            <marc:subfield code="a">New developments in applied superconductivity</marc:subfield>
          </marc:datafield>
          <marc:datafield tag="260" ind1=" " ind2=" ">
            <marc:subfield code="a">Singapore ; Teaneck, N.J.</marc:subfield>
            <marc:subfield code="b">World Scientific</marc:subfield>
            <marc:subfield code="c">c1989</marc:subfield>
          </marc:datafield>
          <marc:datafield tag="300" ind1=" " ind2=" ">
            <marc:subfield code="a">xix, 808 p.</marc:subfield>
            <marc:subfield code="b">ill.</marc:subfield>
            <marc:subfield code="c">23 cm</marc:subfield>
          </marc:datafield>
          <marc:datafield tag="490" ind1="0" ind2=" ">
            <marc:subfield code="a">Progress in high temperature superconductivity</marc:subfield>
            <marc:subfield code="3">BA01458744</marc:subfield>
            <marc:subfield code="v">vol. 15</marc:subfield>
          </marc:datafield>
          <marc:datafield tag="650" ind1=" " ind2="0">
            <marc:subfield code="a">Superconductors -- Congresses</marc:subfield>
            <marc:subfield code="2">LCSH</marc:subfield>
          </marc:datafield>
          <marc:datafield tag="740" ind1="0" ind2=" ">
            <marc:subfield code="a">International Symposium on New Developments in Applied Superconductivity, Suita, Osaka, Japan, Oct</marc:subfield>
          </marc:datafield>
          <marc:datafield tag="830" ind1=" " ind2=" ">
            <marc:subfield code="w">BA01458744</marc:subfield>
          </marc:datafield>
          <marc:datafield tag="852" ind1=" " ind2=" ">
            <marc:subfield code="a">九大理系(FA02289X)</marc:subfield>
            <marc:subfield code="k">431/Mur</marc:subfield>
            <marc:subfield code="m">OTHER</marc:subfield>
            <marc:subfield code="b">Ito</marc:subfield>
            <marc:subfield code="c">情報 超伝導</marc:subfield>
            <marc:subfield code="x">Research room</marc:subfield>
            <marc:subfield code="j">[シ情] 超伝導セ[CI20]</marc:subfield>
            <marc:subfield code="g">INF. SCI. and ELE. ENG.</marc:subfield>
            <marc:subfield code="p">068252189004893</marc:subfield>
            <marc:subfield code="f">9971508168</marc:subfield>
            <marc:subfield code="6">2006-04-28</marc:subfield>
            <marc:subfield code="i">HB890101</marc:subfield>
          </marc:datafield>
          <marc:datafield tag="880" ind1="1" ind2=" ">
            <marc:subfield code="6">100-01/$1</marc:subfield>
            <marc:subfield code="a">ムラカミ, ヨシシゲ</marc:subfield>
          </marc:datafield>
        </marc:record>
      </metadata>
    </record>