
    <record>
      <header>
        <identifier>oai:carli.illinois.edu:CARLIVoyager2/458</identifier>
        <datestamp>2011-10-21T18:55:53Z</datestamp>
        <setSpec>bib</setSpec>
      </header>
      <metadata>
        <marc:record xmlns:marc="http://www.loc.gov/MARC21/slim" xmlns:xsi="http://www.w3.org/2001/XMLSchema-instance" xsi:schemaLocation="http://www.loc.gov/MARC21/slim http://xc.ilcso.uiuc.edu:8080/OAIToolkit2/schema/MARC21slim_custom.xsd">
          <marc:leader>01100nam a2200277zi 4500</marc:leader>
          <marc:controlfield tag="001">BA17141714</marc:controlfield>
          <marc:controlfield tag="003">NII</marc:controlfield>
          <marc:controlfield tag="005">20110909134249.0</marc:controlfield>
          <marc:controlfield tag="007">ta </marc:controlfield>
          <marc:controlfield tag="008">090910s1991    gw ||||||b||||||||||ger|d</marc:controlfield>
          <marc:datafield tag="016" ind1="7" ind2=" ">
            <marc:subfield code="a">BA17141714</marc:subfield>
            <marc:subfield code="2">JP-ToKJK</marc:subfield>
          </marc:datafield>
          <marc:datafield tag="040" ind1=" " ind2=" ">
            <marc:subfield code="a">NII</marc:subfield>
          </marc:datafield>
          <marc:datafield tag="041" ind1="1" ind2=" ">
            <marc:subfield code="a">ger</marc:subfield>
            <marc:subfield code="h">jpn</marc:subfield>
          </marc:datafield>
          <marc:datafield tag="044" ind1=" " ind2=" ">
            <marc:subfield code="a">gw</marc:subfield>
            <marc:subfield code="5">NII</marc:subfield>
          </marc:datafield>
          <marc:datafield tag="100" ind1="1" ind2=" ">
            <marc:subfield code="6">880-01</marc:subfield>
            <marc:subfield code="a">村上, 春樹(1949-)</marc:subfield>
            <marc:subfield code="0">(NII)DA00365644</marc:subfield>
          </marc:datafield>
          <marc:datafield tag="100" ind1="1" ind2=" ">
            <marc:subfield code="a">Ortmanns, Annelie, 1962-</marc:subfield>
            <marc:subfield code="0">(NII)DA06472283</marc:subfield>
          </marc:datafield>
          <marc:datafield tag="100" ind1="1" ind2=" ">
            <marc:subfield code="a">Stalph, Jürgen</marc:subfield>
            <marc:subfield code="0">(NII)DA02902030</marc:subfield>
          </marc:datafield>
          <marc:datafield tag="245" ind1="1" ind2="0">
            <marc:subfield code="a">Murakami Haruki Wilde Schafsjagd</marc:subfield>
            <marc:subfield code="b">Roman</marc:subfield>
            <marc:subfield code="c">aus dem Japanischen übertragen von Annelie Ortmanns-Suzuki und Jürgen Stalph</marc:subfield>
          </marc:datafield>
          <marc:datafield tag="246" ind1="3" ind2="3">
            <marc:subfield code="6">880-02</marc:subfield>
            <marc:subfield code="a">羊をめぐる冒険</marc:subfield>
          </marc:datafield>
          <marc:datafield tag="260" ind1=" " ind2=" ">
            <marc:subfield code="a">Frankfurt am Main</marc:subfield>
            <marc:subfield code="b">Insel Verlag</marc:subfield>
            <marc:subfield code="c">1991</marc:subfield>
          </marc:datafield>
          <marc:datafield tag="300" ind1=" " ind2=" ">
            <marc:subfield code="a">305 p.</marc:subfield>
            <marc:subfield code="b">ill.</marc:subfield>
            <marc:subfield code="c">21 cm</marc:subfield>
          </marc:datafield>
          <marc:datafield tag="740" ind1="0" ind2=" ">
            <marc:subfield code="a">Murakami Haruki Wilde Schafsjagd</marc:subfield>
          </marc:datafield>
          <marc:datafield tag="852" ind1=" " ind2=" ">
            <marc:subfield code="a">九大理系(FA02289X)</marc:subfield>
            <marc:subfield code="k">913.6/H 34/1</marc:subfield>
            <marc:subfield code="m">NDC</marc:subfield>
            <marc:subfield code="b">Ito</marc:subfield>
            <marc:subfield code="x">Research room</marc:subfield>
            <marc:subfield code="j">言文 独語15</marc:subfield>
            <marc:subfield code="g">Languages and Cultures</marc:subfield>
            <marc:subfield code="p">068582191009531</marc:subfield>
            <marc:subfield code="6">1996-07-12</marc:subfield>
            <marc:subfield code="i">MB336015</marc:subfield>
          </marc:datafield>
          <marc:datafield tag="880" ind1="1" ind2=" ">
            <marc:subfield code="6">100-01/$1</marc:subfield>
            <marc:subfield code="a">ムラカミ, ハルキ</marc:subfield>
          </marc:datafield>
          <marc:datafield tag="880" ind1="3" ind2="3">
            <marc:subfield code="6">246-02/$1</marc:subfield>
            <marc:subfield code="a">ヒツジ オ メグル ボウケン</marc:subfield>
          </marc:datafield>
        </marc:record>
      </metadata>
    </record>