
    <record>
      <header>
        <identifier>oai:carli.illinois.edu:CARLIVoyager2/467</identifier>
        <datestamp>2011-10-21T18:55:53Z</datestamp>
        <setSpec>bib</setSpec>
      </header>
      <metadata>
        <marc:record xmlns:marc="http://www.loc.gov/MARC21/slim" xmlns:xsi="http://www.w3.org/2001/XMLSchema-instance" xsi:schemaLocation="http://www.loc.gov/MARC21/slim http://xc.ilcso.uiuc.edu:8080/OAIToolkit2/schema/MARC21slim_custom.xsd">
          <marc:leader>06540ncm a2201237zi 4500</marc:leader>
          <marc:controlfield tag="001">BA24645263</marc:controlfield>
          <marc:controlfield tag="003">NII</marc:controlfield>
          <marc:controlfield tag="005">20110909134251.0</marc:controlfield>
          <marc:controlfield tag="007">qu </marc:controlfield>
          <marc:controlfield tag="008">090916s1964    ja ||||||b||||||||||jpn|d</marc:controlfield>
          <marc:datafield tag="016" ind1="7" ind2=" ">
            <marc:subfield code="a">BA24645263</marc:subfield>
            <marc:subfield code="2">JP-ToKJK</marc:subfield>
          </marc:datafield>
          <marc:datafield tag="020" ind1=" " ind2=" ">
            <marc:subfield code="a">(1)</marc:subfield>
          </marc:datafield>
          <marc:datafield tag="020" ind1=" " ind2=" ">
            <marc:subfield code="a">(2)</marc:subfield>
          </marc:datafield>
          <marc:datafield tag="020" ind1=" " ind2=" ">
            <marc:subfield code="a">(3)</marc:subfield>
          </marc:datafield>
          <marc:datafield tag="020" ind1=" " ind2=" ">
            <marc:subfield code="a">(4)</marc:subfield>
          </marc:datafield>
          <marc:datafield tag="020" ind1=" " ind2=" ">
            <marc:subfield code="a">(5)</marc:subfield>
          </marc:datafield>
          <marc:datafield tag="020" ind1=" " ind2=" ">
            <marc:subfield code="a">(6)</marc:subfield>
          </marc:datafield>
          <marc:datafield tag="040" ind1=" " ind2=" ">
            <marc:subfield code="a">NII</marc:subfield>
          </marc:datafield>
          <marc:datafield tag="041" ind1="0" ind2=" ">
            <marc:subfield code="a">jpn</marc:subfield>
          </marc:datafield>
          <marc:datafield tag="044" ind1=" " ind2=" ">
            <marc:subfield code="a">ja</marc:subfield>
            <marc:subfield code="5">NII</marc:subfield>
          </marc:datafield>
          <marc:datafield tag="050" ind1="0" ind2="0">
            <marc:subfield code="a">M1620</marc:subfield>
          </marc:datafield>
          <marc:datafield tag="100" ind1="1" ind2=" ">
            <marc:subfield code="6">880-01</marc:subfield>
            <marc:subfield code="a">平井, 康三郎(1910-)</marc:subfield>
            <marc:subfield code="0">(NII)DA05159967</marc:subfield>
          </marc:datafield>
          <marc:datafield tag="130" ind1="0" ind2=" ">
            <marc:subfield code="6">880-02</marc:subfield>
            <marc:subfield code="a">平井, 康三郎(1910-) -- 歌曲. 選集</marc:subfield>
            <marc:subfield code="0">(NII)EA00071415</marc:subfield>
          </marc:datafield>
          <marc:datafield tag="245" ind1="1" ind2="0">
            <marc:subfield code="a">名歌曲集 / 平井康三郎 = Celebrated songs</marc:subfield>
            <marc:subfield code="c">Kōzaburō Y. Hirai</marc:subfield>
            <marc:subfield code="6">880-03</marc:subfield>
          </marc:datafield>
          <marc:datafield tag="246" ind1="3" ind2="3">
            <marc:subfield code="6">880-04</marc:subfield>
            <marc:subfield code="a">平井康三郎名歌曲集</marc:subfield>
          </marc:datafield>
          <marc:datafield tag="260" ind1=" " ind2=" ">
            <marc:subfield code="a">東京</marc:subfield>
            <marc:subfield code="b">音楽之友社</marc:subfield>
            <marc:subfield code="c">1964-</marc:subfield>
          </marc:datafield>
          <marc:datafield tag="300" ind1=" " ind2=" ">
            <marc:subfield code="a">1 score (   v. )</marc:subfield>
            <marc:subfield code="c">31 cm</marc:subfield>
          </marc:datafield>
          <marc:datafield tag="500" ind1=" " ind2=" ">
            <marc:subfield code="a">Japanese words in characters and romanized</marc:subfield>
          </marc:datafield>
          <marc:datafield tag="500" ind1=" " ind2=" ">
            <marc:subfield code="a">Piano acc</marc:subfield>
          </marc:datafield>
          <marc:datafield tag="505" ind1="0" ind2="0">
            <marc:subfield code="t">[v.] 1. 晩秋の歌 = Autumn song</marc:subfield>
            <marc:subfield code="r">三木羅風作詞</marc:subfield>
          </marc:datafield>
          <marc:datafield tag="505" ind1="0" ind2="0">
            <marc:subfield code="t">ゆりかご = Cradle song</marc:subfield>
            <marc:subfield code="r">平井康三郎作詞</marc:subfield>
          </marc:datafield>
          <marc:datafield tag="505" ind1="0" ind2="0">
            <marc:subfield code="t">月 (その一) = To the moon (no. 1)</marc:subfield>
            <marc:subfield code="r">山村暮鳥作詞</marc:subfield>
          </marc:datafield>
          <marc:datafield tag="505" ind1="0" ind2="0">
            <marc:subfield code="t">月 (その二) = To the moon (no. 1)</marc:subfield>
            <marc:subfield code="r">山村暮鳥作詞</marc:subfield>
          </marc:datafield>
          <marc:datafield tag="505" ind1="0" ind2="0">
            <marc:subfield code="t">平城山 = Over the hills of Nara</marc:subfield>
            <marc:subfield code="r">北見志保子作詞</marc:subfield>
          </marc:datafield>
          <marc:datafield tag="505" ind1="0" ind2="0">
            <marc:subfield code="t">甲斐の峡 = In the valley of Kai</marc:subfield>
            <marc:subfield code="r">北見志保子作詞</marc:subfield>
          </marc:datafield>
          <marc:datafield tag="505" ind1="0" ind2="0">
            <marc:subfield code="t">九十九里浜 = At the beach of Kujū-kuri</marc:subfield>
            <marc:subfield code="r">北見志保子作詞</marc:subfield>
          </marc:datafield>
          <marc:datafield tag="505" ind1="0" ind2="0">
            <marc:subfield code="t">五月 = May</marc:subfield>
            <marc:subfield code="r">林古渓作詞</marc:subfield>
          </marc:datafield>
          <marc:datafield tag="505" ind1="0" ind2="0">
            <marc:subfield code="t">わがうた = My songs</marc:subfield>
            <marc:subfield code="r">林古渓作詞</marc:subfield>
          </marc:datafield>
          <marc:datafield tag="505" ind1="0" ind2="0">
            <marc:subfield code="t">ふるさとの = Oh, my native place!</marc:subfield>
            <marc:subfield code="r">石川啄木作詞</marc:subfield>
          </marc:datafield>
          <marc:datafield tag="505" ind1="0" ind2="0">
            <marc:subfield code="t">こもりゐの = Solitude</marc:subfield>
            <marc:subfield code="r">北見志保子作詞</marc:subfield>
          </marc:datafield>
          <marc:datafield tag="505" ind1="0" ind2="0">
            <marc:subfield code="t">この道や = Autumn solitude</marc:subfield>
            <marc:subfield code="r">松尾芭蕉</marc:subfield>
          </marc:datafield>
          <marc:datafield tag="505" ind1="0" ind2="0">
            <marc:subfield code="t">旅に病みて = The last song</marc:subfield>
            <marc:subfield code="r">松尾芭蕉作詞</marc:subfield>
          </marc:datafield>
          <marc:datafield tag="505" ind1="0" ind2="0">
            <marc:subfield code="t">大き聖 = "Dōgen" the great priest</marc:subfield>
            <marc:subfield code="r">齋藤茂吉作詞</marc:subfield>
          </marc:datafield>
          <marc:datafield tag="505" ind1="0" ind2="0">
            <marc:subfield code="t">しぐれに寄する抒情 = A lyric to the rain</marc:subfield>
            <marc:subfield code="r">佐藤春夫作詞</marc:subfield>
          </marc:datafield>
          <marc:datafield tag="505" ind1="0" ind2="0">
            <marc:subfield code="t">秘唱 = My secret melody</marc:subfield>
            <marc:subfield code="r">西條八十作詞</marc:subfield>
          </marc:datafield>
          <marc:datafield tag="505" ind1="0" ind2="0">
            <marc:subfield code="t">淺間山 = Volcano "Asama"</marc:subfield>
            <marc:subfield code="r">北見志保子作詞</marc:subfield>
          </marc:datafield>
          <marc:datafield tag="505" ind1="0" ind2="0">
            <marc:subfield code="t">友 = To a friend</marc:subfield>
            <marc:subfield code="r">川上小夜子作詞</marc:subfield>
          </marc:datafield>
          <marc:datafield tag="505" ind1="0" ind2="0">
            <marc:subfield code="t">和泉式部の歌 = 5 Izumishikibu songs</marc:subfield>
          </marc:datafield>
          <marc:datafield tag="505" ind1="0" ind2="0">
            <marc:subfield code="t">[v.] 2. 春三題 = Three songs of spring</marc:subfield>
            <marc:subfield code="r">佐伯周作詞</marc:subfield>
          </marc:datafield>
          <marc:datafield tag="505" ind1="0" ind2="0">
            <marc:subfield code="t">夜曲 = Serenade</marc:subfield>
            <marc:subfield code="r">内田巌作詞</marc:subfield>
          </marc:datafield>
          <marc:datafield tag="505" ind1="0" ind2="0">
            <marc:subfield code="t">秋くさ = Autumn flower</marc:subfield>
            <marc:subfield code="r">佐藤春夫作詞</marc:subfield>
          </marc:datafield>
          <marc:datafield tag="505" ind1="0" ind2="0">
            <marc:subfield code="t">三つの輓歌 : 亡き子に = Three elegies</marc:subfield>
            <marc:subfield code="r">鈴木松子作詞</marc:subfield>
          </marc:datafield>
          <marc:datafield tag="505" ind1="0" ind2="0">
            <marc:subfield code="t">酒の歌四章 = 4 songs of Sake</marc:subfield>
            <marc:subfield code="r">若山牧水作詞</marc:subfield>
          </marc:datafield>
          <marc:datafield tag="505" ind1="0" ind2="0">
            <marc:subfield code="t">母の歌四章 = 4 songs of mother</marc:subfield>
            <marc:subfield code="r">若山牧水作詞</marc:subfield>
          </marc:datafield>
          <marc:datafield tag="505" ind1="0" ind2="0">
            <marc:subfield code="t">大和路 = Late spring in old Nara</marc:subfield>
            <marc:subfield code="r">川上小夜子作詞</marc:subfield>
          </marc:datafield>
          <marc:datafield tag="505" ind1="0" ind2="0">
            <marc:subfield code="t">追分宿 = At the village of Oiwake</marc:subfield>
            <marc:subfield code="r">加藤省吾作詞</marc:subfield>
          </marc:datafield>
          <marc:datafield tag="505" ind1="0" ind2="0">
            <marc:subfield code="t">みだれ髪</marc:subfield>
            <marc:subfield code="r">与謝野晶子作詞</marc:subfield>
          </marc:datafield>
          <marc:datafield tag="505" ind1="0" ind2="0">
            <marc:subfield code="t">[v.] 3. あるは丘べを = Aruwa okabe wo</marc:subfield>
            <marc:subfield code="r">三好達治作詞</marc:subfield>
          </marc:datafield>
          <marc:datafield tag="505" ind1="0" ind2="0">
            <marc:subfield code="t">別れの歌  (邦訳) = Wakare no Uta</marc:subfield>
            <marc:subfield code="r">バイロン原詩 ; 竜口直太郎訳詩</marc:subfield>
          </marc:datafield>
          <marc:datafield tag="505" ind1="0" ind2="0">
            <marc:subfield code="t">別れの歌  (原詩)= When We Two Parted</marc:subfield>
            <marc:subfield code="r">Lord Byron作詞</marc:subfield>
          </marc:datafield>
          <marc:datafield tag="505" ind1="0" ind2="0">
            <marc:subfield code="t">組曲「四季の歌」= Shiki no Uta</marc:subfield>
            <marc:subfield code="r">大塚貞寿作詞</marc:subfield>
          </marc:datafield>
          <marc:datafield tag="505" ind1="0" ind2="0">
            <marc:subfield code="t">愛しきふるさと = Kanashiki Furusato</marc:subfield>
            <marc:subfield code="r">北見志保子作詞</marc:subfield>
          </marc:datafield>
          <marc:datafield tag="505" ind1="0" ind2="0">
            <marc:subfield code="t">組曲「新春三題」= Shinshun Sandai</marc:subfield>
            <marc:subfield code="r">勝承夫作詞</marc:subfield>
          </marc:datafield>
          <marc:datafield tag="505" ind1="0" ind2="0">
            <marc:subfield code="t">山茶花 = Sazanka</marc:subfield>
            <marc:subfield code="r">村上藤太作詞</marc:subfield>
          </marc:datafield>
          <marc:datafield tag="505" ind1="0" ind2="0">
            <marc:subfield code="t">太陽は = Taiyō wa</marc:subfield>
            <marc:subfield code="r">薩摩忠作詞</marc:subfield>
          </marc:datafield>
          <marc:datafield tag="505" ind1="0" ind2="0">
            <marc:subfield code="t">噴水 = Funsui</marc:subfield>
            <marc:subfield code="r">武鹿悦子作詞</marc:subfield>
          </marc:datafield>
          <marc:datafield tag="505" ind1="0" ind2="0">
            <marc:subfield code="t">ヴェスヴィアス = Vesuvius</marc:subfield>
            <marc:subfield code="r">勝承夫作詞</marc:subfield>
          </marc:datafield>
          <marc:datafield tag="505" ind1="0" ind2="0">
            <marc:subfield code="t">自然よ = Shizen yo</marc:subfield>
            <marc:subfield code="r">新川和江作詞</marc:subfield>
          </marc:datafield>
          <marc:datafield tag="505" ind1="0" ind2="0">
            <marc:subfield code="t">淡雪の歌 = Awayuki no Uta</marc:subfield>
            <marc:subfield code="r">宮沢章二作詞</marc:subfield>
          </marc:datafield>
          <marc:datafield tag="505" ind1="0" ind2="0">
            <marc:subfield code="t">野の花 = No no Hana</marc:subfield>
            <marc:subfield code="r">水上不二作詞</marc:subfield>
          </marc:datafield>
          <marc:datafield tag="505" ind1="0" ind2="0">
            <marc:subfield code="t">[v.] 4. 歌曲集「春光」 = Spring gleam</marc:subfield>
            <marc:subfield code="r">南原繁作詞</marc:subfield>
          </marc:datafield>
          <marc:datafield tag="505" ind1="0" ind2="0">
            <marc:subfield code="t">のうぜんかづら = A great trumpet-flower</marc:subfield>
            <marc:subfield code="r">佐伯孝夫作詞</marc:subfield>
          </marc:datafield>
          <marc:datafield tag="505" ind1="0" ind2="0">
            <marc:subfield code="t">野のかおり = Wild smell</marc:subfield>
            <marc:subfield code="r">高村喜美子作詞</marc:subfield>
          </marc:datafield>
          <marc:datafield tag="505" ind1="0" ind2="0">
            <marc:subfield code="t">水仙 = A daffodil</marc:subfield>
            <marc:subfield code="r">中村千尾|作詞|スイセン</marc:subfield>
          </marc:datafield>
          <marc:datafield tag="505" ind1="0" ind2="0">
            <marc:subfield code="t">萩の町から = From Hagi-town</marc:subfield>
            <marc:subfield code="r">藪田義雄作詞</marc:subfield>
          </marc:datafield>
          <marc:datafield tag="505" ind1="0" ind2="0">
            <marc:subfield code="t">芙蓉の花のうた = Lotus-flower song</marc:subfield>
            <marc:subfield code="r">小林純一作詞</marc:subfield>
          </marc:datafield>
          <marc:datafield tag="505" ind1="0" ind2="0">
            <marc:subfield code="t">停泊の灯 = Light of anchorage</marc:subfield>
            <marc:subfield code="r">勝承夫作詞</marc:subfield>
          </marc:datafield>
          <marc:datafield tag="505" ind1="0" ind2="0">
            <marc:subfield code="t">海雀  (その1) = An auk (no. 1)</marc:subfield>
            <marc:subfield code="r">北原白秋作詞</marc:subfield>
          </marc:datafield>
          <marc:datafield tag="505" ind1="0" ind2="0">
            <marc:subfield code="t">海雀  (その2) = An auk (no. 2)</marc:subfield>
            <marc:subfield code="r">北原白秋作詞</marc:subfield>
          </marc:datafield>
          <marc:datafield tag="505" ind1="0" ind2="0">
            <marc:subfield code="t">海雀  (その3) = An auk (no. 3)</marc:subfield>
            <marc:subfield code="r">北原白秋作詞</marc:subfield>
          </marc:datafield>
          <marc:datafield tag="505" ind1="0" ind2="0">
            <marc:subfield code="t">[v.] 5. うぬぼれ鏡 = Vanity mirror</marc:subfield>
            <marc:subfield code="r">小黒恵子作詩</marc:subfield>
          </marc:datafield>
          <marc:datafield tag="505" ind1="0" ind2="0">
            <marc:subfield code="t">真珠のなげき = Lament of the pearl</marc:subfield>
            <marc:subfield code="r">持田勝穂作詩</marc:subfield>
          </marc:datafield>
          <marc:datafield tag="505" ind1="0" ind2="0">
            <marc:subfield code="t">小面幻想 = "Female mask" fantasy</marc:subfield>
            <marc:subfield code="r">鶴岡千代子作詩</marc:subfield>
          </marc:datafield>
          <marc:datafield tag="505" ind1="0" ind2="0">
            <marc:subfield code="t">唄文 = Poetic letter</marc:subfield>
            <marc:subfield code="r">後藤一夫作詩</marc:subfield>
          </marc:datafield>
          <marc:datafield tag="505" ind1="0" ind2="0">
            <marc:subfield code="t">蟻 (A) = Ant (A)</marc:subfield>
            <marc:subfield code="r">西條八十作詩</marc:subfield>
          </marc:datafield>
          <marc:datafield tag="505" ind1="0" ind2="0">
            <marc:subfield code="t">幌馬車 = Covered wagon</marc:subfield>
            <marc:subfield code="r">西條八十作詩</marc:subfield>
          </marc:datafield>
          <marc:datafield tag="505" ind1="0" ind2="0">
            <marc:subfield code="t">湖水幻想 = A lake fantasy</marc:subfield>
            <marc:subfield code="r">宮澤章二作詩</marc:subfield>
          </marc:datafield>
          <marc:datafield tag="505" ind1="0" ind2="0">
            <marc:subfield code="t">組曲「ひとり歌へる」 : 南都にて = Song to myself : in the ancient city, Nara</marc:subfield>
            <marc:subfield code="r">由比晋作歌</marc:subfield>
          </marc:datafield>
          <marc:datafield tag="505" ind1="0" ind2="0">
            <marc:subfield code="t">[v.] 6. 組曲「春の歌」三章 = Songs of spring</marc:subfield>
            <marc:subfield code="r">由比晋作歌</marc:subfield>
          </marc:datafield>
          <marc:datafield tag="505" ind1="0" ind2="0">
            <marc:subfield code="t">茉莉花の : 嫁ぎゆく子に = On my daughter's wedding</marc:subfield>
            <marc:subfield code="r">勝承夫作詩</marc:subfield>
          </marc:datafield>
          <marc:datafield tag="505" ind1="0" ind2="0">
            <marc:subfield code="t">流氷の町 = A town of drift ice</marc:subfield>
            <marc:subfield code="r">山本和夫作詩</marc:subfield>
          </marc:datafield>
          <marc:datafield tag="505" ind1="0" ind2="0">
            <marc:subfield code="t">花盗人 = Flower hunter</marc:subfield>
            <marc:subfield code="r">鶴岡千代子作詩</marc:subfield>
          </marc:datafield>
          <marc:datafield tag="505" ind1="0" ind2="0">
            <marc:subfield code="t">借景 = In my garden</marc:subfield>
            <marc:subfield code="r">中山知子作詩</marc:subfield>
          </marc:datafield>
          <marc:datafield tag="505" ind1="0" ind2="0">
            <marc:subfield code="t">フグなんてフグなんて = Song of the globefish</marc:subfield>
            <marc:subfield code="r">宮澤章二作詩</marc:subfield>
          </marc:datafield>
          <marc:datafield tag="505" ind1="0" ind2="0">
            <marc:subfield code="t">季節のこえ : ソプラノ・テナー二重唱 = Voice of the season : duo</marc:subfield>
            <marc:subfield code="r">宮澤章二作詩</marc:subfield>
          </marc:datafield>
          <marc:datafield tag="505" ind1="0" ind2="0">
            <marc:subfield code="t">むじなに嫁女がくるそうな : ソプラノ・バリトン二重唱 = Marriage of the lacoons : duo</marc:subfield>
            <marc:subfield code="r">藪田義雄作詩</marc:subfield>
          </marc:datafield>
          <marc:datafield tag="650" ind1=" " ind2="0">
            <marc:subfield code="a">Songs with piano</marc:subfield>
            <marc:subfield code="2">LCSH</marc:subfield>
          </marc:datafield>
          <marc:datafield tag="650" ind1=" " ind2="0">
            <marc:subfield code="a">Songs, Japanese</marc:subfield>
            <marc:subfield code="2">LCSH</marc:subfield>
          </marc:datafield>
          <marc:datafield tag="740" ind1="0" ind2=" ">
            <marc:subfield code="a">名歌曲集</marc:subfield>
          </marc:datafield>
          <marc:datafield tag="852" ind1=" " ind2=" ">
            <marc:subfield code="a">九大芸(FA003476)</marc:subfield>
            <marc:subfield code="k">H64/322/1</marc:subfield>
            <marc:subfield code="m">OTHER</marc:subfield>
            <marc:subfield code="b">Design</marc:subfield>
            <marc:subfield code="x">Library</marc:subfield>
            <marc:subfield code="j">芸工楽譜 3階</marc:subfield>
            <marc:subfield code="g">DESIGN LIBRARY</marc:subfield>
            <marc:subfield code="p">072031168009390</marc:subfield>
            <marc:subfield code="8">1</marc:subfield>
            <marc:subfield code="6">2001-05-29</marc:subfield>
            <marc:subfield code="i">OS000035</marc:subfield>
          </marc:datafield>
          <marc:datafield tag="852" ind1=" " ind2=" ">
            <marc:subfield code="a">九大芸(FA003476)</marc:subfield>
            <marc:subfield code="k">H64/322/2</marc:subfield>
            <marc:subfield code="m">OTHER</marc:subfield>
            <marc:subfield code="b">Design</marc:subfield>
            <marc:subfield code="x">Library</marc:subfield>
            <marc:subfield code="j">芸工楽譜 3階</marc:subfield>
            <marc:subfield code="g">DESIGN LIBRARY</marc:subfield>
            <marc:subfield code="p">072031168009401</marc:subfield>
            <marc:subfield code="8">2</marc:subfield>
            <marc:subfield code="6">2001-05-29</marc:subfield>
            <marc:subfield code="i">OS000035</marc:subfield>
          </marc:datafield>
          <marc:datafield tag="880" ind1="1" ind2=" ">
            <marc:subfield code="6">100-01/$1</marc:subfield>
            <marc:subfield code="a">ヒライ, コウザブロウ</marc:subfield>
          </marc:datafield>
          <marc:datafield tag="880" ind1="0" ind2=" ">
            <marc:subfield code="6">130-02/$1</marc:subfield>
            <marc:subfield code="a">ヒライ, コウザブロウ -- カキョク. センシュウ</marc:subfield>
          </marc:datafield>
          <marc:datafield tag="880" ind1="1" ind2="0">
            <marc:subfield code="6">245-03/$1</marc:subfield>
            <marc:subfield code="a">メイカキョクシュウ = Celebrated songs</marc:subfield>
          </marc:datafield>
          <marc:datafield tag="880" ind1="3" ind2="3">
            <marc:subfield code="6">246-04/$1</marc:subfield>
            <marc:subfield code="a">ヒライ コウザブロウ メイカキョクシュウ</marc:subfield>
          </marc:datafield>
        </marc:record>
      </metadata>
    </record>