
    <record>
      <header>
        <identifier>oai:carli.illinois.edu:CARLIVoyager2/468</identifier>
        <datestamp>2011-10-21T18:55:53Z</datestamp>
        <setSpec>bib</setSpec>
      </header>
      <metadata>
        <marc:record xmlns:marc="http://www.loc.gov/MARC21/slim" xmlns:xsi="http://www.w3.org/2001/XMLSchema-instance" xsi:schemaLocation="http://www.loc.gov/MARC21/slim http://xc.ilcso.uiuc.edu:8080/OAIToolkit2/schema/MARC21slim_custom.xsd">
          <marc:leader>02322nam a2200337zi 4500</marc:leader>
          <marc:controlfield tag="001">BA25260865</marc:controlfield>
          <marc:controlfield tag="003">NII</marc:controlfield>
          <marc:controlfield tag="005">20110909134252.0</marc:controlfield>
          <marc:controlfield tag="007">ta </marc:controlfield>
          <marc:controlfield tag="008">090917s1995    us ||||||b||||||||||eng|d</marc:controlfield>
          <marc:datafield tag="016" ind1="7" ind2=" ">
            <marc:subfield code="a">BA25260865</marc:subfield>
            <marc:subfield code="2">JP-ToKJK</marc:subfield>
          </marc:datafield>
          <marc:datafield tag="020" ind1=" " ind2=" ">
            <marc:subfield code="a">(pt. 1)</marc:subfield>
          </marc:datafield>
          <marc:datafield tag="020" ind1=" " ind2=" ">
            <marc:subfield code="a">(pt. 2)</marc:subfield>
          </marc:datafield>
          <marc:datafield tag="020" ind1=" " ind2=" ">
            <marc:subfield code="a">1558992537(set)</marc:subfield>
          </marc:datafield>
          <marc:datafield tag="040" ind1=" " ind2=" ">
            <marc:subfield code="a">NII</marc:subfield>
          </marc:datafield>
          <marc:datafield tag="041" ind1="0" ind2=" ">
            <marc:subfield code="a">eng</marc:subfield>
          </marc:datafield>
          <marc:datafield tag="044" ind1=" " ind2=" ">
            <marc:subfield code="a">us</marc:subfield>
            <marc:subfield code="5">NII</marc:subfield>
          </marc:datafield>
          <marc:datafield tag="100" ind1="1" ind2=" ">
            <marc:subfield code="6">880-01</marc:subfield>
            <marc:subfield code="a">村上, 隆(1951-)</marc:subfield>
            <marc:subfield code="0">(NII)DA09143710</marc:subfield>
          </marc:datafield>
          <marc:datafield tag="100" ind1="1" ind2=" ">
            <marc:subfield code="a">Ewing, Rodney C.</marc:subfield>
            <marc:subfield code="0">(NII)DA00498615</marc:subfield>
          </marc:datafield>
          <marc:datafield tag="245" ind1="1" ind2="0">
            <marc:subfield code="a">Scientific basis for nuclear waste management XVIII</marc:subfield>
            <marc:subfield code="b">symposium held October 23-27, 1994, Kyoto, Japan</marc:subfield>
            <marc:subfield code="c">editers: Takashi Murakami, Rodney C. Ewing</marc:subfield>
          </marc:datafield>
          <marc:datafield tag="260" ind1=" " ind2=" ">
            <marc:subfield code="a">Pittsburgh, Pa.</marc:subfield>
            <marc:subfield code="b">Materials Research Society</marc:subfield>
            <marc:subfield code="c">c1995</marc:subfield>
          </marc:datafield>
          <marc:datafield tag="300" ind1=" " ind2=" ">
            <marc:subfield code="a">2 v.</marc:subfield>
            <marc:subfield code="b">ill.</marc:subfield>
            <marc:subfield code="c">24 cm</marc:subfield>
          </marc:datafield>
          <marc:datafield tag="490" ind1="0" ind2=" ">
            <marc:subfield code="a">Materials Research Society symposium proceedings</marc:subfield>
            <marc:subfield code="3">BA00013775</marc:subfield>
            <marc:subfield code="v">v. 353</marc:subfield>
          </marc:datafield>
          <marc:datafield tag="500" ind1=" " ind2=" ">
            <marc:subfield code="a">Includes bibliographical references</marc:subfield>
          </marc:datafield>
          <marc:datafield tag="520" ind1=" " ind2=" ">
            <marc:subfield code="a">Proceedings of the 18th International Symposium on [title], held in Kyoto, Japan, October 1994. This meeting is the premier international forum for scientific and engineering issues related to the final disposal of nuclear waste. The principle topics addressed in 173 papers are glass and crystalline waste forms; spent nuclear fuel; canister and overpack materials; cement as a waste form and engineered barrier; radiation effects; radionuclide speciation, solubility, and retardation. colloids; groundwater flow and transport processes; performance and safety assessments; site characterization; processing and separation technologies; and the use of natural systems to model long-term processes.   Annotation copyright by Book News, Inc., Portland, OR</marc:subfield>
          </marc:datafield>
          <marc:datafield tag="740" ind1="0" ind2=" ">
            <marc:subfield code="a">Scientific basis for nuclear waste management XVIII</marc:subfield>
          </marc:datafield>
          <marc:datafield tag="830" ind1=" " ind2=" ">
            <marc:subfield code="w">BA00013775</marc:subfield>
          </marc:datafield>
          <marc:datafield tag="852" ind1=" " ind2=" ">
            <marc:subfield code="a">九大理系(FA02289X)</marc:subfield>
            <marc:subfield code="k">XVIII//S</marc:subfield>
            <marc:subfield code="m">OTHER</marc:subfield>
            <marc:subfield code="b">Ito</marc:subfield>
            <marc:subfield code="c">***遡及PA2003 511504 資源</marc:subfield>
            <marc:subfield code="x">Library</marc:subfield>
            <marc:subfield code="j">伊都BF開架[工地球資]</marc:subfield>
            <marc:subfield code="g">Ito BF[工地球資]</marc:subfield>
            <marc:subfield code="p">068252195011096</marc:subfield>
            <marc:subfield code="f">1558992537</marc:subfield>
            <marc:subfield code="8">pt. 1</marc:subfield>
            <marc:subfield code="6">2006-07-13</marc:subfield>
            <marc:subfield code="i">OP270900</marc:subfield>
          </marc:datafield>
          <marc:datafield tag="852" ind1=" " ind2=" ">
            <marc:subfield code="a">九大理系(FA02289X)</marc:subfield>
            <marc:subfield code="k">XVIII//S</marc:subfield>
            <marc:subfield code="m">OTHER</marc:subfield>
            <marc:subfield code="b">Ito</marc:subfield>
            <marc:subfield code="c">***遡及PA2003 511505 資源</marc:subfield>
            <marc:subfield code="x">Library</marc:subfield>
            <marc:subfield code="j">伊都BF開架[工地球資]</marc:subfield>
            <marc:subfield code="g">Ito BF[工地球資]</marc:subfield>
            <marc:subfield code="p">068252195011107</marc:subfield>
            <marc:subfield code="f">1558992537</marc:subfield>
            <marc:subfield code="8">pt. 2</marc:subfield>
            <marc:subfield code="6">2006-07-13</marc:subfield>
            <marc:subfield code="i">OP270900</marc:subfield>
          </marc:datafield>
          <marc:datafield tag="880" ind1="1" ind2=" ">
            <marc:subfield code="6">100-01/$1</marc:subfield>
            <marc:subfield code="a">ムラカミ, タカシ</marc:subfield>
          </marc:datafield>
        </marc:record>
      </metadata>
    </record>