
    <record>
      <header>
        <identifier>oai:carli.illinois.edu:CARLIVoyager2/471</identifier>
        <datestamp>2011-10-21T18:55:53Z</datestamp>
        <setSpec>bib</setSpec>
      </header>
      <metadata>
        <marc:record xmlns:marc="http://www.loc.gov/MARC21/slim" xmlns:xsi="http://www.w3.org/2001/XMLSchema-instance" xsi:schemaLocation="http://www.loc.gov/MARC21/slim http://xc.ilcso.uiuc.edu:8080/OAIToolkit2/schema/MARC21slim_custom.xsd">
          <marc:leader>03690nam a2200589zi 4500</marc:leader>
          <marc:controlfield tag="001">BA28555333</marc:controlfield>
          <marc:controlfield tag="003">NII</marc:controlfield>
          <marc:controlfield tag="005">20110909134253.0</marc:controlfield>
          <marc:controlfield tag="007">ta </marc:controlfield>
          <marc:controlfield tag="008">090917s1996    ja ||||||b||||||||||jpn|d</marc:controlfield>
          <marc:datafield tag="016" ind1="7" ind2=" ">
            <marc:subfield code="a">BA28555333</marc:subfield>
            <marc:subfield code="2">JP-ToKJK</marc:subfield>
          </marc:datafield>
          <marc:datafield tag="040" ind1=" " ind2=" ">
            <marc:subfield code="a">NII</marc:subfield>
          </marc:datafield>
          <marc:datafield tag="041" ind1="0" ind2=" ">
            <marc:subfield code="a">jpn</marc:subfield>
            <marc:subfield code="a">eng</marc:subfield>
          </marc:datafield>
          <marc:datafield tag="044" ind1=" " ind2=" ">
            <marc:subfield code="a">ja</marc:subfield>
            <marc:subfield code="5">NII</marc:subfield>
          </marc:datafield>
          <marc:datafield tag="100" ind1="1" ind2=" ">
            <marc:subfield code="6">880-01</marc:subfield>
            <marc:subfield code="a">京都大学数理解析研究所</marc:subfield>
            <marc:subfield code="0">(NII)DA00277933</marc:subfield>
          </marc:datafield>
          <marc:datafield tag="245" ind1="1" ind2="0">
            <marc:subfield code="a">Discrete and continuous structures in optimization</marc:subfield>
          </marc:datafield>
          <marc:datafield tag="246" ind1="3" ind2="4">
            <marc:subfield code="6">880-02</marc:subfield>
            <marc:subfield code="a">最適化の数理における離散と連続構造</marc:subfield>
          </marc:datafield>
          <marc:datafield tag="250" ind1=" " ind2=" ">
            <marc:subfield code="a">京都 : 京都大学数理解析研究所 , 1996.4</marc:subfield>
          </marc:datafield>
          <marc:datafield tag="260" ind1=" " ind2=" ">
            <marc:subfield code="a">211 p. ; 26 cm</marc:subfield>
          </marc:datafield>
          <marc:datafield tag="490" ind1="0" ind2=" ">
            <marc:subfield code="6">880-03</marc:subfield>
            <marc:subfield code="a">数理解析研究所講究録</marc:subfield>
            <marc:subfield code="3">BN06637050</marc:subfield>
            <marc:subfield code="v">945</marc:subfield>
          </marc:datafield>
          <marc:datafield tag="505" ind1="0" ind2="0">
            <marc:subfield code="t">Some alternative theorems of set-valued maps and their applications</marc:subfield>
            <marc:subfield code="r">Daishi Kuroiwa</marc:subfield>
          </marc:datafield>
          <marc:datafield tag="505" ind1="0" ind2="0">
            <marc:subfield code="t">Minimization algorithms based on set-valued maps</marc:subfield>
            <marc:subfield code="r">Tamaki Tanaka</marc:subfield>
          </marc:datafield>
          <marc:datafield tag="505" ind1="0" ind2="0">
            <marc:subfield code="t">Optimization problems with set-valued maps</marc:subfield>
            <marc:subfield code="r">Takashi Maeda</marc:subfield>
          </marc:datafield>
          <marc:datafield tag="505" ind1="0" ind2="0">
            <marc:subfield code="t">非線形計画問題の近似最適解</marc:subfield>
            <marc:subfield code="r">横山一憲</marc:subfield>
          </marc:datafield>
          <marc:datafield tag="505" ind1="0" ind2="0">
            <marc:subfield code="t">ミニマックス関数の方向微分と非線形計画問題の感度解析</marc:subfield>
            <marc:subfield code="r">Shunsuke Shiraishi</marc:subfield>
          </marc:datafield>
          <marc:datafield tag="505" ind1="0" ind2="0">
            <marc:subfield code="t">半無限計画に対する信頼領域法の拡張について</marc:subfield>
            <marc:subfield code="r">Yoshihiro Tanaka</marc:subfield>
          </marc:datafield>
          <marc:datafield tag="505" ind1="0" ind2="0">
            <marc:subfield code="t">A new approach for higher-order design sensitivity analysis by differential algebraic method</marc:subfield>
            <marc:subfield code="r">Ikuo Ozaki, Fumihiko Kimura</marc:subfield>
          </marc:datafield>
          <marc:datafield tag="505" ind1="0" ind2="0">
            <marc:subfield code="t">Semidefinite programming relaxation for nonconvex quadratic programs</marc:subfield>
            <marc:subfield code="r">Tetsuya Fujie, Masakazu Kojima</marc:subfield>
          </marc:datafield>
          <marc:datafield tag="505" ind1="0" ind2="0">
            <marc:subfield code="t">A linear programming instance with many crossover events</marc:subfield>
            <marc:subfield code="r">Shinji Mizuno, Nimrod Megiddo, Takashi Tsuchiya</marc:subfield>
          </marc:datafield>
          <marc:datafield tag="505" ind1="0" ind2="0">
            <marc:subfield code="t">An equilibrium theorem for subdifferential</marc:subfield>
            <marc:subfield code="r">Yutaka Kimura, Daishi Kuroiwa, Kensuke Tanaka</marc:subfield>
          </marc:datafield>
          <marc:datafield tag="505" ind1="0" ind2="0">
            <marc:subfield code="t">Controllability of coupled Euler-Bernoulli beams</marc:subfield>
            <marc:subfield code="r">Sho Ohnari</marc:subfield>
          </marc:datafield>
          <marc:datafield tag="505" ind1="0" ind2="0">
            <marc:subfield code="t">A continuous version of Gale's feasibility theorem</marc:subfield>
            <marc:subfield code="r">Ryôhei Hozawa</marc:subfield>
          </marc:datafield>
          <marc:datafield tag="505" ind1="0" ind2="0">
            <marc:subfield code="t">無限ネットワークの分類</marc:subfield>
            <marc:subfield code="r">村上温, Maretsugu Yamasaki</marc:subfield>
          </marc:datafield>
          <marc:datafield tag="505" ind1="0" ind2="0">
            <marc:subfield code="t">Single machine scheduling with generalized due dates</marc:subfield>
            <marc:subfield code="r">Keisuke Tanaka</marc:subfield>
          </marc:datafield>
          <marc:datafield tag="505" ind1="0" ind2="0">
            <marc:subfield code="t">可能性測度による組合わせ最適化問題</marc:subfield>
            <marc:subfield code="r">伊藤健, 石井博昭</marc:subfield>
          </marc:datafield>
          <marc:datafield tag="505" ind1="0" ind2="0">
            <marc:subfield code="t">多重選択ナップザック問題における計算量O(n)の検討</marc:subfield>
            <marc:subfield code="r">辻光宏, 仲川勇二</marc:subfield>
          </marc:datafield>
          <marc:datafield tag="505" ind1="0" ind2="0">
            <marc:subfield code="t">完全分散型並列分岐限定法システムのアーキテクチャと負荷分散</marc:subfield>
            <marc:subfield code="r">品野勇治, 平林隆一</marc:subfield>
          </marc:datafield>
          <marc:datafield tag="505" ind1="0" ind2="0">
            <marc:subfield code="t">マトロイドと凸解析(Matroid and convex analysis)</marc:subfield>
            <marc:subfield code="r">室田一雄</marc:subfield>
          </marc:datafield>
          <marc:datafield tag="505" ind1="0" ind2="0">
            <marc:subfield code="t">結合型最短経路問題について</marc:subfield>
            <marc:subfield code="r">丸山幸宏</marc:subfield>
          </marc:datafield>
          <marc:datafield tag="505" ind1="0" ind2="0">
            <marc:subfield code="t">Constrained sums</marc:subfield>
            <marc:subfield code="r">Seiichi Iwamoto</marc:subfield>
          </marc:datafield>
          <marc:datafield tag="505" ind1="0" ind2="0">
            <marc:subfield code="t">ファジイ数の空間に値をとる写像に間する凸解析</marc:subfield>
            <marc:subfield code="r">古川長太</marc:subfield>
          </marc:datafield>
          <marc:datafield tag="505" ind1="0" ind2="0">
            <marc:subfield code="t">ファジイ意志決定過程と最適方程式</marc:subfield>
            <marc:subfield code="r">藤田敏治</marc:subfield>
          </marc:datafield>
          <marc:datafield tag="505" ind1="0" ind2="0">
            <marc:subfield code="t">Fuzzy decision processes with an average reward criterion</marc:subfield>
            <marc:subfield code="r">Masami Kurano</marc:subfield>
          </marc:datafield>
          <marc:datafield tag="505" ind1="0" ind2="0">
            <marc:subfield code="t">平均利得基準をもつベクトル値マルコフ決定過程</marc:subfield>
            <marc:subfield code="r">Kazuyoshi Wakuta</marc:subfield>
          </marc:datafield>
          <marc:datafield tag="505" ind1="0" ind2="0">
            <marc:subfield code="t">二通貨間為替交換問題に対するオンラインアルゴリズムの効率解析</marc:subfield>
            <marc:subfield code="r">Eisuke Dannoura, 櫻井幸一</marc:subfield>
          </marc:datafield>
          <marc:datafield tag="740" ind1="0" ind2=" ">
            <marc:subfield code="a">Discrete and continuous structures in optimization</marc:subfield>
          </marc:datafield>
          <marc:datafield tag="830" ind1=" " ind2=" ">
            <marc:subfield code="w">BN06637050</marc:subfield>
          </marc:datafield>
          <marc:datafield tag="852" ind1=" " ind2=" ">
            <marc:subfield code="a">九大理系(FA02289X)</marc:subfield>
            <marc:subfield code="k">遂次刊行物</marc:subfield>
            <marc:subfield code="m">OTHER</marc:subfield>
            <marc:subfield code="b">Ito</marc:subfield>
            <marc:subfield code="x">Library</marc:subfield>
            <marc:subfield code="j">伊都理系　自動書庫</marc:subfield>
            <marc:subfield code="g">Ito Library ASRS</marc:subfield>
            <marc:subfield code="p">023112008500258</marc:subfield>
            <marc:subfield code="6">2009-09-02</marc:subfield>
            <marc:subfield code="i">OP900000</marc:subfield>
          </marc:datafield>
          <marc:datafield tag="880" ind1="1" ind2=" ">
            <marc:subfield code="6">100-01/$1</marc:subfield>
            <marc:subfield code="a">キョウト ダイガク スウリ カイセキ ケンキュウショ</marc:subfield>
          </marc:datafield>
          <marc:datafield tag="880" ind1="3" ind2="4">
            <marc:subfield code="6">246-02/$1</marc:subfield>
            <marc:subfield code="a">サイテキカ ノ スウリ ニ オケル リサン ト レンゾク コウゾウ</marc:subfield>
          </marc:datafield>
          <marc:datafield tag="880" ind1="0" ind2=" ">
            <marc:subfield code="6">490-03/$1</marc:subfield>
            <marc:subfield code="a">スウリ カイセキ ケンキュウショ コウキュウロク</marc:subfield>
          </marc:datafield>
        </marc:record>
      </metadata>
    </record>