
    <record>
      <header>
        <identifier>oai:carli.illinois.edu:CARLIVoyager2/488</identifier>
        <datestamp>2011-10-21T18:55:53Z</datestamp>
        <setSpec>bib</setSpec>
      </header>
      <metadata>
        <marc:record xmlns:marc="http://www.loc.gov/MARC21/slim" xmlns:xsi="http://www.w3.org/2001/XMLSchema-instance" xsi:schemaLocation="http://www.loc.gov/MARC21/slim http://xc.ilcso.uiuc.edu:8080/OAIToolkit2/schema/MARC21slim_custom.xsd">
          <marc:leader>10075nam a2201609zi 4500</marc:leader>
          <marc:controlfield tag="001">BA30467090</marc:controlfield>
          <marc:controlfield tag="003">NII</marc:controlfield>
          <marc:controlfield tag="005">20110909134257.0</marc:controlfield>
          <marc:controlfield tag="007">ta </marc:controlfield>
          <marc:controlfield tag="008">090911s1997    ja ||||||b||||||||||jpn|d</marc:controlfield>
          <marc:datafield tag="016" ind1="7" ind2=" ">
            <marc:subfield code="a">BA30467090</marc:subfield>
            <marc:subfield code="2">JP-ToKJK</marc:subfield>
          </marc:datafield>
          <marc:datafield tag="020" ind1=" " ind2=" ">
            <marc:subfield code="a">4924530069</marc:subfield>
          </marc:datafield>
          <marc:datafield tag="040" ind1=" " ind2=" ">
            <marc:subfield code="a">NII</marc:subfield>
          </marc:datafield>
          <marc:datafield tag="041" ind1="0" ind2=" ">
            <marc:subfield code="a">jpn</marc:subfield>
          </marc:datafield>
          <marc:datafield tag="044" ind1=" " ind2=" ">
            <marc:subfield code="a">ja</marc:subfield>
            <marc:subfield code="5">NII</marc:subfield>
          </marc:datafield>
          <marc:datafield tag="084" ind1=" " ind2=" ">
            <marc:subfield code="a">220.04</marc:subfield>
            <marc:subfield code="2">NDC8</marc:subfield>
          </marc:datafield>
          <marc:datafield tag="084" ind1=" " ind2=" ">
            <marc:subfield code="a">220.04</marc:subfield>
            <marc:subfield code="2">NDC9</marc:subfield>
          </marc:datafield>
          <marc:datafield tag="084" ind1=" " ind2=" ">
            <marc:subfield code="a">GE41</marc:subfield>
            <marc:subfield code="2">NDLC</marc:subfield>
          </marc:datafield>
          <marc:datafield tag="100" ind1="1" ind2=" ">
            <marc:subfield code="6">880-01</marc:subfield>
            <marc:subfield code="a">東方学会</marc:subfield>
            <marc:subfield code="0">(NII)DA01484467</marc:subfield>
          </marc:datafield>
          <marc:datafield tag="245" ind1="1" ind2="0">
            <marc:subfield code="a">東方學論集</marc:subfield>
            <marc:subfield code="b">東方學會創立五十周年記念</marc:subfield>
            <marc:subfield code="6">880-02</marc:subfield>
          </marc:datafield>
          <marc:datafield tag="246" ind1="3" ind2="3">
            <marc:subfield code="a">Tohogaku ronshu : Eastern studies fiftieth anniversary volume</marc:subfield>
          </marc:datafield>
          <marc:datafield tag="246" ind1="3" ind2="3">
            <marc:subfield code="6">880-03</marc:subfield>
            <marc:subfield code="a">東方学論集 : 東方学会創立50周年記念</marc:subfield>
          </marc:datafield>
          <marc:datafield tag="246" ind1="3" ind2="3">
            <marc:subfield code="6">880-04</marc:subfield>
            <marc:subfield code="a">東方學會創立五十周年記念東方學論集</marc:subfield>
          </marc:datafield>
          <marc:datafield tag="260" ind1=" " ind2=" ">
            <marc:subfield code="a">東京</marc:subfield>
            <marc:subfield code="b">東方学会</marc:subfield>
            <marc:subfield code="c">1997.5</marc:subfield>
          </marc:datafield>
          <marc:datafield tag="300" ind1=" " ind2=" ">
            <marc:subfield code="a">11, 1457, 114p</marc:subfield>
            <marc:subfield code="c">22cm</marc:subfield>
          </marc:datafield>
          <marc:datafield tag="500" ind1=" " ind2=" ">
            <marc:subfield code="a">付: 文献等の注:論末. 英文Contents,英文要旨:巻末</marc:subfield>
          </marc:datafield>
          <marc:datafield tag="505" ind1="0" ind2="0">
            <marc:subfield code="t">デリー殘存の「壁モスク」の諸形態</marc:subfield>
            <marc:subfield code="r">荒松雄著</marc:subfield>
          </marc:datafield>
          <marc:datafield tag="505" ind1="0" ind2="0">
            <marc:subfield code="t">陳獨秀・・・《青年雜誌》創刊への思想的動機</marc:subfield>
            <marc:subfield code="r">有田和夫著</marc:subfield>
          </marc:datafield>
          <marc:datafield tag="505" ind1="0" ind2="0">
            <marc:subfield code="t">幸田露伴と中國文學</marc:subfield>
            <marc:subfield code="r">井波律子著</marc:subfield>
          </marc:datafield>
          <marc:datafield tag="505" ind1="0" ind2="0">
            <marc:subfield code="t">内藤湖南藏本文史校讐通義記略</marc:subfield>
            <marc:subfield code="r">井上進著</marc:subfield>
          </marc:datafield>
          <marc:datafield tag="505" ind1="0" ind2="0">
            <marc:subfield code="t">競技と再生</marc:subfield>
            <marc:subfield code="r">井本英一著</marc:subfield>
          </marc:datafield>
          <marc:datafield tag="505" ind1="0" ind2="0">
            <marc:subfield code="t">掛爻辭中の「亨」について</marc:subfield>
            <marc:subfield code="r">伊東倫厚著</marc:subfield>
          </marc:datafield>
          <marc:datafield tag="505" ind1="0" ind2="0">
            <marc:subfield code="t">『崇文總目』について</marc:subfield>
            <marc:subfield code="r">池田温著</marc:subfield>
          </marc:datafield>
          <marc:datafield tag="505" ind1="0" ind2="0">
            <marc:subfield code="t">試談先周文化 : 考古工作の展開と問題點</marc:subfield>
            <marc:subfield code="r">池田末利著</marc:subfield>
          </marc:datafield>
          <marc:datafield tag="505" ind1="0" ind2="0">
            <marc:subfield code="t">『老子』の道器論 : 馬王堆漢墓帛書本に基づいて</marc:subfield>
            <marc:subfield code="r">池田知久著</marc:subfield>
          </marc:datafield>
          <marc:datafield tag="505" ind1="0" ind2="0">
            <marc:subfield code="t">秦代の「獄簿」について</marc:subfield>
            <marc:subfield code="r">池田雄一著</marc:subfield>
          </marc:datafield>
          <marc:datafield tag="505" ind1="0" ind2="0">
            <marc:subfield code="t">李白「早發白帝城」と「峨眉山月歌」について</marc:subfield>
            <marc:subfield code="r">石川忠久著</marc:subfield>
          </marc:datafield>
          <marc:datafield tag="505" ind1="0" ind2="0">
            <marc:subfield code="t">『唐僧取經圖册』に見る西遊記物語 : 大唐國出境までを中心に</marc:subfield>
            <marc:subfield code="r">磯部彰著</marc:subfield>
          </marc:datafield>
          <marc:datafield tag="505" ind1="0" ind2="0">
            <marc:subfield code="t">論語の天道について</marc:subfield>
            <marc:subfield code="r">宇野精一著</marc:subfield>
          </marc:datafield>
          <marc:datafield tag="505" ind1="0" ind2="0">
            <marc:subfield code="t">遼朝皇族の通婚關係にみられる交換婚 : 興宗時代から道宗時代まで</marc:subfield>
            <marc:subfield code="r">宇野伸浩著</marc:subfield>
          </marc:datafield>
          <marc:datafield tag="505" ind1="0" ind2="0">
            <marc:subfield code="t">タゴールの長編小説『ゴーラ』について</marc:subfield>
            <marc:subfield code="r">臼田雅之著</marc:subfield>
          </marc:datafield>
          <marc:datafield tag="505" ind1="0" ind2="0">
            <marc:subfield code="t">中國學(Sinology)の意義・形質本領と解明方法</marc:subfield>
            <marc:subfield code="r">内野熊一郎著</marc:subfield>
          </marc:datafield>
          <marc:datafield tag="505" ind1="0" ind2="0">
            <marc:subfield code="t">李康の「運命論」</marc:subfield>
            <marc:subfield code="r">小尾郊一著</marc:subfield>
          </marc:datafield>
          <marc:datafield tag="505" ind1="0" ind2="0">
            <marc:subfield code="t">後漢時代の軍役</marc:subfield>
            <marc:subfield code="r">越智重明著</marc:subfield>
          </marc:datafield>
          <marc:datafield tag="505" ind1="0" ind2="0">
            <marc:subfield code="t">秦および漢初の統一國家體制に關する一考察</marc:subfield>
            <marc:subfield code="r">大櫛敦弘著</marc:subfield>
          </marc:datafield>
          <marc:datafield tag="505" ind1="0" ind2="0">
            <marc:subfield code="t">『金瓶梅』の構想 : 『封神演義』『三國志演義』との關係を中心に</marc:subfield>
            <marc:subfield code="r">大塚秀高著</marc:subfield>
          </marc:datafield>
          <marc:datafield tag="505" ind1="0" ind2="0">
            <marc:subfield code="t">日月の誕生</marc:subfield>
            <marc:subfield code="r">大林太良著</marc:subfield>
          </marc:datafield>
          <marc:datafield tag="505" ind1="0" ind2="0">
            <marc:subfield code="t">『白氏文集』の舊鈔本と舊刊本</marc:subfield>
            <marc:subfield code="r">岡村繁著</marc:subfield>
          </marc:datafield>
          <marc:datafield tag="505" ind1="0" ind2="0">
            <marc:subfield code="t">洪武朝の雲南平定戰(一)</marc:subfield>
            <marc:subfield code="r">奧山憲夫著</marc:subfield>
          </marc:datafield>
          <marc:datafield tag="505" ind1="0" ind2="0">
            <marc:subfield code="t">「祭如在」小考</marc:subfield>
            <marc:subfield code="r">加地伸行著</marc:subfield>
          </marc:datafield>
          <marc:datafield tag="505" ind1="0" ind2="0">
            <marc:subfield code="t">湖南新政時代の黄遵憲と不纏足諭告 : その歴史的意義</marc:subfield>
            <marc:subfield code="r">筧久美子著</marc:subfield>
          </marc:datafield>
          <marc:datafield tag="505" ind1="0" ind2="0">
            <marc:subfield code="t">文化四年デンマーク傭船スサンナ號の長崎來航</marc:subfield>
            <marc:subfield code="r">金井圓著</marc:subfield>
          </marc:datafield>
          <marc:datafield tag="505" ind1="0" ind2="0">
            <marc:subfield code="t">アスタナ出土の論語鄭注について</marc:subfield>
            <marc:subfield code="r">金谷治著</marc:subfield>
          </marc:datafield>
          <marc:datafield tag="505" ind1="0" ind2="0">
            <marc:subfield code="t">「霞」をめぐって : 中國中古文學における</marc:subfield>
            <marc:subfield code="r">釜谷武志著</marc:subfield>
          </marc:datafield>
          <marc:datafield tag="505" ind1="0" ind2="0">
            <marc:subfield code="t">孔有徳の後金への來歸 : 「天聰七年檔」の檢討を通して</marc:subfield>
            <marc:subfield code="r">神田信夫著</marc:subfield>
          </marc:datafield>
          <marc:datafield tag="505" ind1="0" ind2="0">
            <marc:subfield code="t">十三〜十七世紀のタミル語刻文に見るナーッタヴァル : 南アジア農村社會統合の役割と關連して</marc:subfield>
            <marc:subfield code="r">辛島昇著</marc:subfield>
          </marc:datafield>
          <marc:datafield tag="505" ind1="0" ind2="0">
            <marc:subfield code="t">明代女眞の外交文書について</marc:subfield>
            <marc:subfield code="r">河内良弘著</marc:subfield>
          </marc:datafield>
          <marc:datafield tag="505" ind1="0" ind2="0">
            <marc:subfield code="t">僞經『八陽經』の成立と變容</marc:subfield>
            <marc:subfield code="r">木村清孝著</marc:subfield>
          </marc:datafield>
          <marc:datafield tag="505" ind1="0" ind2="0">
            <marc:subfield code="t">西周官制における「師」</marc:subfield>
            <marc:subfield code="r">木村秀海著</marc:subfield>
          </marc:datafield>
          <marc:datafield tag="505" ind1="0" ind2="0">
            <marc:subfield code="t">香菱考</marc:subfield>
            <marc:subfield code="r">金文京著</marc:subfield>
          </marc:datafield>
          <marc:datafield tag="505" ind1="0" ind2="0">
            <marc:subfield code="t">皇帝號出現の背景 : 戰國時代の稱帝問題をめぐって</marc:subfield>
            <marc:subfield code="r">工藤元男著</marc:subfield>
          </marc:datafield>
          <marc:datafield tag="505" ind1="0" ind2="0">
            <marc:subfield code="t">再論老子河上公注の成立</marc:subfield>
            <marc:subfield code="r">楠山春樹著</marc:subfield>
          </marc:datafield>
          <marc:datafield tag="505" ind1="0" ind2="0">
            <marc:subfield code="t">全眞教の清規について</marc:subfield>
            <marc:subfield code="r">窪徳忠著</marc:subfield>
          </marc:datafield>
          <marc:datafield tag="505" ind1="0" ind2="0">
            <marc:subfield code="t">唐人町、中國人の來住について</marc:subfield>
            <marc:subfield code="r">小葉田淳著</marc:subfield>
          </marc:datafield>
          <marc:datafield tag="505" ind1="0" ind2="0">
            <marc:subfield code="t">神亭壺に見る佛教受容の一樣相</marc:subfield>
            <marc:subfield code="r">小南一郎著</marc:subfield>
          </marc:datafield>
          <marc:datafield tag="505" ind1="0" ind2="0">
            <marc:subfield code="t">周易説掛傳の帝について</marc:subfield>
            <marc:subfield code="r">古賀登著</marc:subfield>
          </marc:datafield>
          <marc:datafield tag="505" ind1="0" ind2="0">
            <marc:subfield code="t">律詩への道 : 句數と對句の側面から</marc:subfield>
            <marc:subfield code="r">興膳宏著</marc:subfield>
          </marc:datafield>
          <marc:datafield tag="505" ind1="0" ind2="0">
            <marc:subfield code="t">東坡の犯罪 : 『烏臺詩案』の基礎的考察</marc:subfield>
            <marc:subfield code="r">近藤一成著</marc:subfield>
          </marc:datafield>
          <marc:datafield tag="505" ind1="0" ind2="0">
            <marc:subfield code="t">五代後周の王朴 : 世宗政治の背景</marc:subfield>
            <marc:subfield code="r">佐伯富著</marc:subfield>
          </marc:datafield>
          <marc:datafield tag="505" ind1="0" ind2="0">
            <marc:subfield code="t">日清戰爭後半期における清朝官僚のロシア派遣 : 王之春『使俄草』と楊宜治『俄程日記』について</marc:subfield>
            <marc:subfield code="r">佐々木揚著</marc:subfield>
          </marc:datafield>
          <marc:datafield tag="505" ind1="0" ind2="0">
            <marc:subfield code="t">蘇轍『老子解』と李贄『老子解』</marc:subfield>
            <marc:subfield code="r">佐藤錬太郎著</marc:subfield>
          </marc:datafield>
          <marc:datafield tag="505" ind1="0" ind2="0">
            <marc:subfield code="t">言と心 : 王陽明思想の一斷面</marc:subfield>
            <marc:subfield code="r">柴田篤著</marc:subfield>
          </marc:datafield>
          <marc:datafield tag="505" ind1="0" ind2="0">
            <marc:subfield code="t">印刷術の普及と宋代の學問</marc:subfield>
            <marc:subfield code="r">清水茂著</marc:subfield>
          </marc:datafield>
          <marc:datafield tag="505" ind1="0" ind2="0">
            <marc:subfield code="t">東アジア南部民族の構成と文化史的體系</marc:subfield>
            <marc:subfield code="r">白鳥芳郎著</marc:subfield>
          </marc:datafield>
          <marc:datafield tag="505" ind1="0" ind2="0">
            <marc:subfield code="t">浙東調腔古戲『琵琶記』について</marc:subfield>
            <marc:subfield code="r">田仲一成著</marc:subfield>
          </marc:datafield>
          <marc:datafield tag="505" ind1="0" ind2="0">
            <marc:subfield code="t">生死即涅槃</marc:subfield>
            <marc:subfield code="r">高崎直道著</marc:subfield>
          </marc:datafield>
          <marc:datafield tag="505" ind1="0" ind2="0">
            <marc:subfield code="t">清代官話の資料について</marc:subfield>
            <marc:subfield code="r">高田時雄著</marc:subfield>
          </marc:datafield>
          <marc:datafield tag="505" ind1="0" ind2="0">
            <marc:subfield code="t">明代評點考</marc:subfield>
            <marc:subfield code="r">高津孝著</marc:subfield>
          </marc:datafield>
          <marc:datafield tag="505" ind1="0" ind2="0">
            <marc:subfield code="t">李三娘の物語 : 『劉知遠諸宮調』と佛教説話</marc:subfield>
            <marc:subfield code="r">高橋文治著</marc:subfield>
          </marc:datafield>
          <marc:datafield tag="505" ind1="0" ind2="0">
            <marc:subfield code="t">「始祖廟」記事と高句麗王系</marc:subfield>
            <marc:subfield code="r">武田幸男著</marc:subfield>
          </marc:datafield>
          <marc:datafield tag="505" ind1="0" ind2="0">
            <marc:subfield code="t">顏眞卿と李◆D8264◆</marc:subfield>
            <marc:subfield code="r">谷川道雄著</marc:subfield>
          </marc:datafield>
          <marc:datafield tag="505" ind1="0" ind2="0">
            <marc:subfield code="t">原始經典における解脱の究極態 : 大乘經典を望む</marc:subfield>
            <marc:subfield code="r">玉城康四郎著</marc:subfield>
          </marc:datafield>
          <marc:datafield tag="505" ind1="0" ind2="0">
            <marc:subfield code="t">遼代の避諱について</marc:subfield>
            <marc:subfield code="r">笠沙雅章著</marc:subfield>
          </marc:datafield>
          <marc:datafield tag="505" ind1="0" ind2="0">
            <marc:subfield code="t">宋代思想史上における周敦頤の位置</marc:subfield>
            <marc:subfield code="r">土田健次郎著</marc:subfield>
          </marc:datafield>
          <marc:datafield tag="505" ind1="0" ind2="0">
            <marc:subfield code="t">圍碁考 : 中國中世の遊戲と賭博</marc:subfield>
            <marc:subfield code="r">寺田隆信著</marc:subfield>
          </marc:datafield>
          <marc:datafield tag="505" ind1="0" ind2="0">
            <marc:subfield code="t">含香と刁氏と</marc:subfield>
            <marc:subfield code="r">戸川芳郎著</marc:subfield>
          </marc:datafield>
          <marc:datafield tag="505" ind1="0" ind2="0">
            <marc:subfield code="t">「爺們兒」考 : 北京口語の記述的研究から</marc:subfield>
            <marc:subfield code="r">中嶋幹起著</marc:subfield>
          </marc:datafield>
          <marc:datafield tag="505" ind1="0" ind2="0">
            <marc:subfield code="t">チベットの社會構造を探る : 果洛(ゴロック)牧民社會の分析をとおして</marc:subfield>
            <marc:subfield code="r">中根千枝著</marc:subfield>
          </marc:datafield>
          <marc:datafield tag="505" ind1="0" ind2="0">
            <marc:subfield code="t">『西遊記』西天取經故事の構成 : シンメトリーの原理</marc:subfield>
            <marc:subfield code="r">中野美代子著</marc:subfield>
          </marc:datafield>
          <marc:datafield tag="505" ind1="0" ind2="0">
            <marc:subfield code="t">南朝の公文書「關」の一考察</marc:subfield>
            <marc:subfield code="r">中村圭爾著</marc:subfield>
          </marc:datafield>
          <marc:datafield tag="505" ind1="0" ind2="0">
            <marc:subfield code="t">ナーガールジュナの歴史性</marc:subfield>
            <marc:subfield code="r">中村元著</marc:subfield>
          </marc:datafield>
          <marc:datafield tag="505" ind1="0" ind2="0">
            <marc:subfield code="t">俗體とは何か : 顏元孫と俗體の成立</marc:subfield>
            <marc:subfield code="r">西原一幸著</marc:subfield>
          </marc:datafield>
          <marc:datafield tag="505" ind1="0" ind2="0">
            <marc:subfield code="t">明清民衆宗教における木子弓長の意味</marc:subfield>
            <marc:subfield code="r">野口鐵郎著</marc:subfield>
          </marc:datafield>
          <marc:datafield tag="505" ind1="0" ind2="0">
            <marc:subfield code="t">「訓詁明而義理明」について</marc:subfield>
            <marc:subfield code="r">濱口富士雄著</marc:subfield>
          </marc:datafield>
          <marc:datafield tag="505" ind1="0" ind2="0">
            <marc:subfield code="t">「仁」の本質 : 「愛」と「慈悲」との比較を通して</marc:subfield>
            <marc:subfield code="r">福井文雄著</marc:subfield>
          </marc:datafield>
          <marc:datafield tag="505" ind1="0" ind2="0">
            <marc:subfield code="t">臺灣エキゾチシズム文學における敗戰の豫感 : 西川滿『赤嵌記(せきかんき)』論</marc:subfield>
            <marc:subfield code="r">藤井省三著</marc:subfield>
          </marc:datafield>
          <marc:datafield tag="505" ind1="0" ind2="0">
            <marc:subfield code="t">安井息軒『論語集説』について</marc:subfield>
            <marc:subfield code="r">町田三郎著</marc:subfield>
          </marc:datafield>
          <marc:datafield tag="505" ind1="0" ind2="0">
            <marc:subfield code="t">魯迅の談話筆記「幾個重要問題」について</marc:subfield>
            <marc:subfield code="r">丸山昇著</marc:subfield>
          </marc:datafield>
          <marc:datafield tag="505" ind1="0" ind2="0">
            <marc:subfield code="t">鐵砲傳來再考</marc:subfield>
            <marc:subfield code="r">村井章介著</marc:subfield>
          </marc:datafield>
          <marc:datafield tag="505" ind1="0" ind2="0">
            <marc:subfield code="t">周草窓詞序説</marc:subfield>
            <marc:subfield code="r">村上哲見著</marc:subfield>
          </marc:datafield>
          <marc:datafield tag="505" ind1="0" ind2="0">
            <marc:subfield code="t">ういろう(外郎)とやし(藥師)</marc:subfield>
            <marc:subfield code="r">山口建治著</marc:subfield>
          </marc:datafield>
          <marc:datafield tag="505" ind1="0" ind2="0">
            <marc:subfield code="t">明太祖と『寶訓』</marc:subfield>
            <marc:subfield code="r">山根幸夫著</marc:subfield>
          </marc:datafield>
          <marc:datafield tag="505" ind1="0" ind2="0">
            <marc:subfield code="t">敦煌發見均田制時代の籍帳に見える已受田記載の檢討</marc:subfield>
            <marc:subfield code="r">山本達郎著</marc:subfield>
          </marc:datafield>
          <marc:datafield tag="505" ind1="0" ind2="0">
            <marc:subfield code="t">皇甫謐の「篤終論」</marc:subfield>
            <marc:subfield code="r">吉川忠夫著</marc:subfield>
          </marc:datafield>
          <marc:datafield tag="505" ind1="0" ind2="0">
            <marc:subfield code="t">後漢書西羌傳の先秦史認識</marc:subfield>
            <marc:subfield code="r">吉本道雅著</marc:subfield>
          </marc:datafield>
          <marc:datafield tag="505" ind1="0" ind2="0">
            <marc:subfield code="t">ラーマの王國 : 『ラーマーヤマ』の王權論</marc:subfield>
            <marc:subfield code="r">山崎元一著</marc:subfield>
          </marc:datafield>
          <marc:datafield tag="505" ind1="0" ind2="0">
            <marc:subfield code="t">ウイグル文字新考 : 囘囘名稱問題解決への一礎石</marc:subfield>
            <marc:subfield code="r">森安孝夫著</marc:subfield>
          </marc:datafield>
          <marc:datafield tag="505" ind1="0" ind2="0">
            <marc:subfield code="t">乾隆重鈔の無圈點老檔について</marc:subfield>
            <marc:subfield code="r">松村潤著</marc:subfield>
          </marc:datafield>
          <marc:datafield tag="505" ind1="0" ind2="0">
            <marc:subfield code="t">1920年代大連大山埠頭と中國民船沿海貿易</marc:subfield>
            <marc:subfield code="r">松浦章著</marc:subfield>
          </marc:datafield>
          <marc:datafield tag="505" ind1="0" ind2="0">
            <marc:subfield code="t">ラフカディオ・ハーンとヒンドゥー教</marc:subfield>
            <marc:subfield code="r">前田專學著</marc:subfield>
          </marc:datafield>
          <marc:datafield tag="505" ind1="0" ind2="0">
            <marc:subfield code="t">『バーブル・ナーマ』の「枝垂れ柳の條」について</marc:subfield>
            <marc:subfield code="r">間野英二著</marc:subfield>
          </marc:datafield>
          <marc:datafield tag="505" ind1="0" ind2="0">
            <marc:subfield code="t">萬葉假名の例音甲・乙と中古漢語の重紐 : 對應上の例外をめぐって</marc:subfield>
            <marc:subfield code="r">平山久雄著</marc:subfield>
          </marc:datafield>
          <marc:datafield tag="505" ind1="0" ind2="0">
            <marc:subfield code="t">中國に於ける墳丘の出現</marc:subfield>
            <marc:subfield code="r">樋口隆康著</marc:subfield>
          </marc:datafield>
          <marc:datafield tag="505" ind1="0" ind2="0">
            <marc:subfield code="t">pañcakāla考</marc:subfield>
            <marc:subfield code="r">引田弘道著</marc:subfield>
          </marc:datafield>
          <marc:datafield tag="505" ind1="0" ind2="0">
            <marc:subfield code="t">アポーハ論における名詞の性(liṅga)の問題</marc:subfield>
            <marc:subfield code="r">服部正明著</marc:subfield>
          </marc:datafield>
          <marc:datafield tag="505" ind1="0" ind2="0">
            <marc:subfield code="t">西夏文字新考</marc:subfield>
            <marc:subfield code="r">西田龍雄著</marc:subfield>
          </marc:datafield>
          <marc:datafield tag="505" ind1="0" ind2="0">
            <marc:subfield code="t">傳承と史實の間 : インド佛教傳播史に關連して</marc:subfield>
            <marc:subfield code="r">塚本啓祥著</marc:subfield>
          </marc:datafield>
          <marc:datafield tag="505" ind1="0" ind2="0">
            <marc:subfield code="t">乳房の値段 : タミル古代の花嫁料</marc:subfield>
            <marc:subfield code="r">高橋孝信著</marc:subfield>
          </marc:datafield>
          <marc:datafield tag="505" ind1="0" ind2="0">
            <marc:subfield code="t">涅槃に住するブッダの身體 : 部派佛教における佛塔の位置</marc:subfield>
            <marc:subfield code="r">下田正弘著</marc:subfield>
          </marc:datafield>
          <marc:datafield tag="505" ind1="0" ind2="0">
            <marc:subfield code="t">Ishād al-Zirāʿaの農法 : 穀物栽培におけるSiyāh kishtを中心に</marc:subfield>
            <marc:subfield code="r">清水宏祐著</marc:subfield>
          </marc:datafield>
          <marc:datafield tag="505" ind1="0" ind2="0">
            <marc:subfield code="t">マドヴァの聖典解釋の地平</marc:subfield>
            <marc:subfield code="r">澤井義次著</marc:subfield>
          </marc:datafield>
          <marc:datafield tag="505" ind1="0" ind2="0">
            <marc:subfield code="t">Tārīkh-i Bayhaqīに見える王權觀と國家觀</marc:subfield>
            <marc:subfield code="r">稻葉穰著</marc:subfield>
          </marc:datafield>
          <marc:datafield tag="505" ind1="0" ind2="0">
            <marc:subfield code="t">アユタヤ王朝の首都の呼稱についての覺書</marc:subfield>
            <marc:subfield code="r">石井米雄著</marc:subfield>
          </marc:datafield>
          <marc:datafield tag="505" ind1="0" ind2="0">
            <marc:subfield code="t">語學資料としての舊滿洲檔 : 漢語音の表記について</marc:subfield>
            <marc:subfield code="r">池上二良著</marc:subfield>
          </marc:datafield>
          <marc:datafield tag="650" ind1=" " ind2="7">
            <marc:subfield code="6">880-05</marc:subfield>
            <marc:subfield code="a">東洋学</marc:subfield>
            <marc:subfield code="2">BSH</marc:subfield>
          </marc:datafield>
          <marc:datafield tag="650" ind1=" " ind2="7">
            <marc:subfield code="6">880-06</marc:subfield>
            <marc:subfield code="a">東洋学</marc:subfield>
            <marc:subfield code="2">NDLSH</marc:subfield>
          </marc:datafield>
          <marc:datafield tag="650" ind1=" " ind2="7">
            <marc:subfield code="6">880-07</marc:subfield>
            <marc:subfield code="a">東洋 -- 歴史</marc:subfield>
            <marc:subfield code="2">NDLSH</marc:subfield>
          </marc:datafield>
          <marc:datafield tag="740" ind1="0" ind2=" ">
            <marc:subfield code="a">東方學論集</marc:subfield>
          </marc:datafield>
          <marc:datafield tag="852" ind1=" " ind2=" ">
            <marc:subfield code="a">九大(FA003454)</marc:subfield>
            <marc:subfield code="k">中哲/41A/917</marc:subfield>
            <marc:subfield code="m">OTHER</marc:subfield>
            <marc:subfield code="b">Humanities and Social Sciences</marc:subfield>
            <marc:subfield code="x">Research room</marc:subfield>
            <marc:subfield code="j">文 中哲(研究室)</marc:subfield>
            <marc:subfield code="g">LETTERS, Chinese Philosophy research room</marc:subfield>
            <marc:subfield code="p">005111997005393</marc:subfield>
            <marc:subfield code="f">4924530069</marc:subfield>
            <marc:subfield code="6">2009-11-12</marc:subfield>
            <marc:subfield code="i">AA103090</marc:subfield>
          </marc:datafield>
          <marc:datafield tag="880" ind1="1" ind2=" ">
            <marc:subfield code="6">100-01/$1</marc:subfield>
            <marc:subfield code="a">トウホウ ガッカイ</marc:subfield>
          </marc:datafield>
          <marc:datafield tag="880" ind1="1" ind2="0">
            <marc:subfield code="6">245-02/$1</marc:subfield>
            <marc:subfield code="a">トウホウガク ロンシュウ : トウホウ ガッカイ ソウリツ ゴジッシュウネン キネン</marc:subfield>
          </marc:datafield>
          <marc:datafield tag="880" ind1="3" ind2="3">
            <marc:subfield code="6">246-03/$1</marc:subfield>
            <marc:subfield code="a">トウホウガク ロンシュウ : トウホウ ガッカイ ソウリツ 50シュウネン キネン</marc:subfield>
          </marc:datafield>
          <marc:datafield tag="880" ind1="3" ind2="3">
            <marc:subfield code="6">246-04/$1</marc:subfield>
            <marc:subfield code="a">トウホウ ガッカイ ソウリツ ゴジュッシュウネン キネン トウホウガク ロンシュウ</marc:subfield>
          </marc:datafield>
          <marc:datafield tag="880" ind1=" " ind2="7">
            <marc:subfield code="6">650-05/$1</marc:subfield>
            <marc:subfield code="a">トウヨウガク</marc:subfield>
          </marc:datafield>
          <marc:datafield tag="880" ind1=" " ind2="7">
            <marc:subfield code="6">650-06/$1</marc:subfield>
            <marc:subfield code="a">トウヨウガク</marc:subfield>
          </marc:datafield>
          <marc:datafield tag="880" ind1=" " ind2="7">
            <marc:subfield code="6">650-07/$1</marc:subfield>
            <marc:subfield code="a">トウヨウ -- レキシ</marc:subfield>
          </marc:datafield>
        </marc:record>
      </metadata>
    </record>