
    <record>
      <header>
        <identifier>oai:carli.illinois.edu:CARLIVoyager2/495</identifier>
        <datestamp>2011-10-21T18:55:53Z</datestamp>
        <setSpec>bib</setSpec>
      </header>
      <metadata>
        <marc:record xmlns:marc="http://www.loc.gov/MARC21/slim" xmlns:xsi="http://www.w3.org/2001/XMLSchema-instance" xsi:schemaLocation="http://www.loc.gov/MARC21/slim http://xc.ilcso.uiuc.edu:8080/OAIToolkit2/schema/MARC21slim_custom.xsd">
          <marc:leader>06545nam a2201069zi 4500</marc:leader>
          <marc:controlfield tag="001">BA30904264</marc:controlfield>
          <marc:controlfield tag="003">NII</marc:controlfield>
          <marc:controlfield tag="005">20110909134259.0</marc:controlfield>
          <marc:controlfield tag="007">ta </marc:controlfield>
          <marc:controlfield tag="008">090911s1997    ja ||||||b||||||||||jpn|d</marc:controlfield>
          <marc:datafield tag="016" ind1="7" ind2=" ">
            <marc:subfield code="a">BA30904264</marc:subfield>
            <marc:subfield code="2">JP-ToKJK</marc:subfield>
          </marc:datafield>
          <marc:datafield tag="040" ind1=" " ind2=" ">
            <marc:subfield code="a">NII</marc:subfield>
          </marc:datafield>
          <marc:datafield tag="041" ind1="0" ind2=" ">
            <marc:subfield code="a">jpn</marc:subfield>
            <marc:subfield code="a">eng</marc:subfield>
          </marc:datafield>
          <marc:datafield tag="044" ind1=" " ind2=" ">
            <marc:subfield code="a">ja</marc:subfield>
            <marc:subfield code="5">NII</marc:subfield>
          </marc:datafield>
          <marc:datafield tag="100" ind1="1" ind2=" ">
            <marc:subfield code="6">880-01</marc:subfield>
            <marc:subfield code="a">堅田直先生古稀記念論文集刊行会</marc:subfield>
            <marc:subfield code="0">(NII)DA11807857</marc:subfield>
          </marc:datafield>
          <marc:datafield tag="245" ind1="1" ind2="0">
            <marc:subfield code="a">堅田直先生古希記念論文集</marc:subfield>
            <marc:subfield code="c">堅田直先生古希記念論文集刊行会編集</marc:subfield>
            <marc:subfield code="6">880-02</marc:subfield>
          </marc:datafield>
          <marc:datafield tag="260" ind1=" " ind2=" ">
            <marc:subfield code="a">京都</marc:subfield>
            <marc:subfield code="b">真陽社</marc:subfield>
            <marc:subfield code="c">1997.3</marc:subfield>
          </marc:datafield>
          <marc:datafield tag="300" ind1=" " ind2=" ">
            <marc:subfield code="a">1054p, 図版[1]枚</marc:subfield>
            <marc:subfield code="b">挿図, 地図</marc:subfield>
            <marc:subfield code="c">31cm</marc:subfield>
          </marc:datafield>
          <marc:datafield tag="500" ind1=" " ind2=" ">
            <marc:subfield code="a">文献あり</marc:subfield>
          </marc:datafield>
          <marc:datafield tag="500" ind1=" " ind2=" ">
            <marc:subfield code="a">堅田直先生の肖像あり</marc:subfield>
          </marc:datafield>
          <marc:datafield tag="505" ind1="0" ind2="0">
            <marc:subfield code="t">縄文時代中期稲作の探求</marc:subfield>
            <marc:subfield code="r">高橋護著</marc:subfield>
          </marc:datafield>
          <marc:datafield tag="505" ind1="0" ind2="0">
            <marc:subfield code="t">伊吹山麓の縄文社会とその解体</marc:subfield>
            <marc:subfield code="r">丸山竜平著</marc:subfield>
          </marc:datafield>
          <marc:datafield tag="505" ind1="0" ind2="0">
            <marc:subfield code="t">福井県右近次郎遺跡の福田K[2]式土器と気屋式土器 : 北陸と西日本の相関</marc:subfield>
            <marc:subfield code="r">木下哲夫著</marc:subfield>
          </marc:datafield>
          <marc:datafield tag="505" ind1="0" ind2="0">
            <marc:subfield code="t">河内周辺の大洞式系土器</marc:subfield>
            <marc:subfield code="r">大野薫著</marc:subfield>
          </marc:datafield>
          <marc:datafield tag="505" ind1="0" ind2="0">
            <marc:subfield code="t">足を広げた縄文土器</marc:subfield>
            <marc:subfield code="r">渡辺誠著</marc:subfield>
          </marc:datafield>
          <marc:datafield tag="505" ind1="0" ind2="0">
            <marc:subfield code="t">伊豆諸島・神津島の黒曜石</marc:subfield>
            <marc:subfield code="r">小田静夫著</marc:subfield>
          </marc:datafield>
          <marc:datafield tag="505" ind1="0" ind2="0">
            <marc:subfield code="t">石棒研究の基礎的課題</marc:subfield>
            <marc:subfield code="r">戸田哲也著</marc:subfield>
          </marc:datafield>
          <marc:datafield tag="505" ind1="0" ind2="0">
            <marc:subfield code="t">弥生時代の木槨と系譜</marc:subfield>
            <marc:subfield code="r">田中清美著</marc:subfield>
          </marc:datafield>
          <marc:datafield tag="505" ind1="0" ind2="0">
            <marc:subfield code="t">弥生時代の櫛</marc:subfield>
            <marc:subfield code="r">本間元樹著</marc:subfield>
          </marc:datafield>
          <marc:datafield tag="505" ind1="0" ind2="0">
            <marc:subfield code="t">関東地方の打製石包丁について : 用土・平遺跡補遺</marc:subfield>
            <marc:subfield code="r">丑野毅著</marc:subfield>
          </marc:datafield>
          <marc:datafield tag="505" ind1="0" ind2="0">
            <marc:subfield code="t">古墳時代以前の戸口装置</marc:subfield>
            <marc:subfield code="r">松岡良憲著</marc:subfield>
          </marc:datafield>
          <marc:datafield tag="505" ind1="0" ind2="0">
            <marc:subfield code="t">冥界二題</marc:subfield>
            <marc:subfield code="r">丹羽佑一著</marc:subfield>
          </marc:datafield>
          <marc:datafield tag="505" ind1="0" ind2="0">
            <marc:subfield code="t">蓬莱山と扶桑樹 : 古墳文化の歴史的意義</marc:subfield>
            <marc:subfield code="r">岡本健一著</marc:subfield>
          </marc:datafield>
          <marc:datafield tag="505" ind1="0" ind2="0">
            <marc:subfield code="t">古墳築造考</marc:subfield>
            <marc:subfield code="r">樋口吉文著</marc:subfield>
          </marc:datafield>
          <marc:datafield tag="505" ind1="0" ind2="0">
            <marc:subfield code="t">河内の双円墳について</marc:subfield>
            <marc:subfield code="r">堀田啓一著</marc:subfield>
          </marc:datafield>
          <marc:datafield tag="505" ind1="0" ind2="0">
            <marc:subfield code="t">前期古墳の円筒埴輪</marc:subfield>
            <marc:subfield code="r">鐘方正樹著</marc:subfield>
          </marc:datafield>
          <marc:datafield tag="505" ind1="0" ind2="0">
            <marc:subfield code="t">古墳時代初頭の畿内の鉄製品 : 京都府向日市元稲荷古墳の出土品</marc:subfield>
            <marc:subfield code="r">置田雅昭著</marc:subfield>
          </marc:datafield>
          <marc:datafield tag="505" ind1="0" ind2="0">
            <marc:subfield code="t">出土埴輪から見た古市古墳群の構成</marc:subfield>
            <marc:subfield code="r">上田睦著</marc:subfield>
          </marc:datafield>
          <marc:datafield tag="505" ind1="0" ind2="0">
            <marc:subfield code="t">石上神宮七支刀の銘字について</marc:subfield>
            <marc:subfield code="r">近藤順昭著</marc:subfield>
          </marc:datafield>
          <marc:datafield tag="505" ind1="0" ind2="0">
            <marc:subfield code="t">終末期古墳の立地と風水思想</marc:subfield>
            <marc:subfield code="r">河上邦彦著</marc:subfield>
          </marc:datafield>
          <marc:datafield tag="505" ind1="0" ind2="0">
            <marc:subfield code="t">窯構造からみた須恵器の伝来</marc:subfield>
            <marc:subfield code="r">藤原学著</marc:subfield>
          </marc:datafield>
          <marc:datafield tag="505" ind1="0" ind2="0">
            <marc:subfield code="t">千葉県木更津市瑠璃光塚古墳出土須恵器について</marc:subfield>
            <marc:subfield code="r">中村浩著</marc:subfield>
          </marc:datafield>
          <marc:datafield tag="505" ind1="0" ind2="0">
            <marc:subfield code="t">飛鳥浄御原宮の構造</marc:subfield>
            <marc:subfield code="r">小沢毅著</marc:subfield>
          </marc:datafield>
          <marc:datafield tag="505" ind1="0" ind2="0">
            <marc:subfield code="t">藤原京十二条大路と山田道</marc:subfield>
            <marc:subfield code="r">竹田政敬著</marc:subfield>
          </marc:datafield>
          <marc:datafield tag="505" ind1="0" ind2="0">
            <marc:subfield code="t">長岡京における祭祀</marc:subfield>
            <marc:subfield code="r">上村和直著</marc:subfield>
          </marc:datafield>
          <marc:datafield tag="505" ind1="0" ind2="0">
            <marc:subfield code="t">正倉院収蔵の香料・香木、香薬、薬物考 : 八世紀の国際性と文化交流を中心に</marc:subfield>
            <marc:subfield code="r">中川登史宏著</marc:subfield>
          </marc:datafield>
          <marc:datafield tag="505" ind1="0" ind2="0">
            <marc:subfield code="t">蘇我氏の氏寺からみたその本拠</marc:subfield>
            <marc:subfield code="r">大脇潔著</marc:subfield>
          </marc:datafield>
          <marc:datafield tag="505" ind1="0" ind2="0">
            <marc:subfield code="t">南山城における伽藍造営の伝播</marc:subfield>
            <marc:subfield code="r">中島正著</marc:subfield>
          </marc:datafield>
          <marc:datafield tag="505" ind1="0" ind2="0">
            <marc:subfield code="t">北河内地域における古代寺院の諸様相 : 飛鳥時代後期創建寺院をめぐって</marc:subfield>
            <marc:subfield code="r">竹原伸仁著</marc:subfield>
          </marc:datafield>
          <marc:datafield tag="505" ind1="0" ind2="0">
            <marc:subfield code="t">橘寺の沿革と伽藍</marc:subfield>
            <marc:subfield code="r">亀田博著</marc:subfield>
          </marc:datafield>
          <marc:datafield tag="505" ind1="0" ind2="0">
            <marc:subfield code="t">寺院造営規制と秋篠寺の造営</marc:subfield>
            <marc:subfield code="r">森郁夫著</marc:subfield>
          </marc:datafield>
          <marc:datafield tag="505" ind1="0" ind2="0">
            <marc:subfield code="t">四天王寺出土瓦の編年的考察</marc:subfield>
            <marc:subfield code="r">網伸也著</marc:subfield>
          </marc:datafield>
          <marc:datafield tag="505" ind1="0" ind2="0">
            <marc:subfield code="t">尾張元興寺跡出土の忍冬蓮華文軒丸瓦をめぐって</marc:subfield>
            <marc:subfield code="r">梶山勝著</marc:subfield>
          </marc:datafield>
          <marc:datafield tag="505" ind1="0" ind2="0">
            <marc:subfield code="t">「大安寺式」軒瓦の年代</marc:subfield>
            <marc:subfield code="r">中井公著</marc:subfield>
          </marc:datafield>
          <marc:datafield tag="505" ind1="0" ind2="0">
            <marc:subfield code="t">近江における平城宮式軒瓦の二・三の問題</marc:subfield>
            <marc:subfield code="r">林博通著</marc:subfield>
          </marc:datafield>
          <marc:datafield tag="505" ind1="0" ind2="0">
            <marc:subfield code="t">火爐蓋考</marc:subfield>
            <marc:subfield code="r">小笠原好彦著</marc:subfield>
          </marc:datafield>
          <marc:datafield tag="505" ind1="0" ind2="0">
            <marc:subfield code="t">墨書土器の機能に関する一試論 : 特に古代村落祭祀とのかかわりについて</marc:subfield>
            <marc:subfield code="r">菅原章太著</marc:subfield>
          </marc:datafield>
          <marc:datafield tag="505" ind1="0" ind2="0">
            <marc:subfield code="t">河内における奈良・平安時代の火葬墓</marc:subfield>
            <marc:subfield code="r">安村俊史著</marc:subfield>
          </marc:datafield>
          <marc:datafield tag="505" ind1="0" ind2="0">
            <marc:subfield code="t">鳥羽離宮跡の釣殿について</marc:subfield>
            <marc:subfield code="r">鈴木久男著</marc:subfield>
          </marc:datafield>
          <marc:datafield tag="505" ind1="0" ind2="0">
            <marc:subfield code="t">宇治平等院と平泉無量光院 : その類似点と相違点</marc:subfield>
            <marc:subfield code="r">杉本宏著</marc:subfield>
          </marc:datafield>
          <marc:datafield tag="505" ind1="0" ind2="0">
            <marc:subfield code="t">中世の周溝墓</marc:subfield>
            <marc:subfield code="r">太田三喜著</marc:subfield>
          </marc:datafield>
          <marc:datafield tag="505" ind1="0" ind2="0">
            <marc:subfield code="t">奈良番匠が作った瓦 : 中世瓦出張製作の一例</marc:subfield>
            <marc:subfield code="r">上原真人著</marc:subfield>
          </marc:datafield>
          <marc:datafield tag="505" ind1="0" ind2="0">
            <marc:subfield code="t">南都における初現期の瓦器 : 古代末の土器様相に関する予察</marc:subfield>
            <marc:subfield code="r">坪之内徹著</marc:subfield>
          </marc:datafield>
          <marc:datafield tag="505" ind1="0" ind2="0">
            <marc:subfield code="t">堺環濠都市遺跡出土の瓦について : 慶長年間に製作にされた瓦の検討</marc:subfield>
            <marc:subfield code="r">近藤康司著</marc:subfield>
          </marc:datafield>
          <marc:datafield tag="505" ind1="0" ind2="0">
            <marc:subfield code="t">春日大社釣燈籠の考古学研究 : 特に欄間の藤文の編年とその系譜</marc:subfield>
            <marc:subfield code="r">藤村孝子著</marc:subfield>
          </marc:datafield>
          <marc:datafield tag="505" ind1="0" ind2="0">
            <marc:subfield code="t">江戸出土の近世瓦について : 白鴎・飯田橋・汐留遺跡を中心に</marc:subfield>
            <marc:subfield code="r">中津由紀子著</marc:subfield>
          </marc:datafield>
          <marc:datafield tag="505" ind1="0" ind2="0">
            <marc:subfield code="t">泉州高石大雄寺研究ノート</marc:subfield>
            <marc:subfield code="r">神谷正弘著</marc:subfield>
          </marc:datafield>
          <marc:datafield tag="505" ind1="0" ind2="0">
            <marc:subfield code="t">奇縁冰人石考</marc:subfield>
            <marc:subfield code="r">辻尾榮市著</marc:subfield>
          </marc:datafield>
          <marc:datafield tag="505" ind1="0" ind2="0">
            <marc:subfield code="t">「伊勢巡幸」伝承と水源祭祀文化圏</marc:subfield>
            <marc:subfield code="r">坪井恒彦著</marc:subfield>
          </marc:datafield>
          <marc:datafield tag="505" ind1="0" ind2="0">
            <marc:subfield code="t">柳田国男の「海上の道」に見られる宝貝の種本</marc:subfield>
            <marc:subfield code="r">高山純著</marc:subfield>
          </marc:datafield>
          <marc:datafield tag="505" ind1="0" ind2="0">
            <marc:subfield code="t">型式学と様式論</marc:subfield>
            <marc:subfield code="r">酒井龍一著</marc:subfield>
          </marc:datafield>
          <marc:datafield tag="505" ind1="0" ind2="0">
            <marc:subfield code="t">考古学データの計量分析</marc:subfield>
            <marc:subfield code="r">村上征勝著</marc:subfield>
          </marc:datafield>
          <marc:datafield tag="505" ind1="0" ind2="0">
            <marc:subfield code="t">文字考古学事始</marc:subfield>
            <marc:subfield code="r">笠井敏光著</marc:subfield>
          </marc:datafield>
          <marc:datafield tag="505" ind1="0" ind2="0">
            <marc:subfield code="t">祁家湾墳墓群の斗瓶と死者儀礼(2)</marc:subfield>
            <marc:subfield code="r">泉武著</marc:subfield>
          </marc:datafield>
          <marc:datafield tag="505" ind1="0" ind2="0">
            <marc:subfield code="t">朝鮮半島出土の青銅製馬形帯鉤について : 天理参考館蔵品の紹介をかねて</marc:subfield>
            <marc:subfield code="r">竹谷俊夫著</marc:subfield>
          </marc:datafield>
          <marc:datafield tag="505" ind1="0" ind2="0">
            <marc:subfield code="t">朝鮮古代の冠 : 伽耶</marc:subfield>
            <marc:subfield code="r">毛利光俊彦著</marc:subfield>
          </marc:datafield>
          <marc:datafield tag="505" ind1="0" ind2="0">
            <marc:subfield code="t">百済後期王都泗沘城をめぐる諸問題</marc:subfield>
            <marc:subfield code="r">田中俊明著</marc:subfield>
          </marc:datafield>
          <marc:datafield tag="505" ind1="0" ind2="0">
            <marc:subfield code="t">陶質土器の起源について : 盌を中心にして</marc:subfield>
            <marc:subfield code="r">小池寛著</marc:subfield>
          </marc:datafield>
          <marc:datafield tag="505" ind1="0" ind2="0">
            <marc:subfield code="t">北米ニューイングランド地方における人間と自然との共生</marc:subfield>
            <marc:subfield code="r">植木武著</marc:subfield>
          </marc:datafield>
          <marc:datafield tag="505" ind1="0" ind2="0">
            <marc:subfield code="t">ペルーの遺跡と民家</marc:subfield>
            <marc:subfield code="r">石野博信著</marc:subfield>
          </marc:datafield>
          <marc:datafield tag="505" ind1="0" ind2="0">
            <marc:subfield code="t">飛鳥寺と石舞台古墳から考える</marc:subfield>
            <marc:subfield code="r">千田剛道著</marc:subfield>
          </marc:datafield>
          <marc:datafield tag="505" ind1="0" ind2="0">
            <marc:subfield code="t">Excavated tea ceremony wares from Momoyama period Kyoto</marc:subfield>
            <marc:subfield code="r">Richard L. Wilson</marc:subfield>
          </marc:datafield>
          <marc:datafield tag="650" ind1=" " ind2="7">
            <marc:subfield code="6">880-03</marc:subfield>
            <marc:subfield code="a">堅田, 直</marc:subfield>
            <marc:subfield code="2">BSH</marc:subfield>
          </marc:datafield>
          <marc:datafield tag="650" ind1=" " ind2="7">
            <marc:subfield code="6">880-04</marc:subfield>
            <marc:subfield code="a">考古学</marc:subfield>
            <marc:subfield code="2">BSH</marc:subfield>
          </marc:datafield>
          <marc:datafield tag="740" ind1="0" ind2=" ">
            <marc:subfield code="a">堅田直先生古希記念論文集</marc:subfield>
          </marc:datafield>
          <marc:datafield tag="852" ind1=" " ind2=" ">
            <marc:subfield code="a">九大(FA003454)</marc:subfield>
            <marc:subfield code="k">考古学/03/229</marc:subfield>
            <marc:subfield code="m">OTHER</marc:subfield>
            <marc:subfield code="b">Humanities and Social Sciences</marc:subfield>
            <marc:subfield code="x">Library</marc:subfield>
            <marc:subfield code="j">文 考古学</marc:subfield>
            <marc:subfield code="g">LETTERS, Archaeology</marc:subfield>
            <marc:subfield code="p">005111997024063</marc:subfield>
            <marc:subfield code="6">1997-10-22</marc:subfield>
            <marc:subfield code="i">AA205000</marc:subfield>
          </marc:datafield>
          <marc:datafield tag="852" ind1=" " ind2=" ">
            <marc:subfield code="a">九大理系(FA02289X)</marc:subfield>
            <marc:subfield code="k">204/Ka 81/50972441</marc:subfield>
            <marc:subfield code="m">NDC</marc:subfield>
            <marc:subfield code="b">Ito</marc:subfield>
            <marc:subfield code="x">Research room</marc:subfield>
            <marc:subfield code="j">比文 基層構造 共通</marc:subfield>
            <marc:subfield code="g">Social and Cultural Studies</marc:subfield>
            <marc:subfield code="p">050111997024412</marc:subfield>
            <marc:subfield code="6">1998-02-09</marc:subfield>
            <marc:subfield code="i">MA111400</marc:subfield>
          </marc:datafield>
          <marc:datafield tag="880" ind1="1" ind2=" ">
            <marc:subfield code="6">100-01/$1</marc:subfield>
            <marc:subfield code="a">カタダ タダシ センセイ コキ キネン ロンブンシュウ カンコウカイ</marc:subfield>
          </marc:datafield>
          <marc:datafield tag="880" ind1="1" ind2="0">
            <marc:subfield code="6">245-02/$1</marc:subfield>
            <marc:subfield code="a">カタダ タダシ センセイ コキ キネン ロンブンシュウ</marc:subfield>
          </marc:datafield>
          <marc:datafield tag="880" ind1=" " ind2="7">
            <marc:subfield code="6">650-03/$1</marc:subfield>
            <marc:subfield code="a">カタダ, タダシ</marc:subfield>
          </marc:datafield>
          <marc:datafield tag="880" ind1=" " ind2="7">
            <marc:subfield code="6">650-04/$1</marc:subfield>
            <marc:subfield code="a">コウコガク</marc:subfield>
          </marc:datafield>
        </marc:record>
      </metadata>
    </record>