
    <record>
      <header>
        <identifier>oai:carli.illinois.edu:CARLIVoyager2/519</identifier>
        <datestamp>2011-10-21T18:55:53Z</datestamp>
        <setSpec>bib</setSpec>
      </header>
      <metadata>
        <marc:record xmlns:marc="http://www.loc.gov/MARC21/slim" xmlns:xsi="http://www.w3.org/2001/XMLSchema-instance" xsi:schemaLocation="http://www.loc.gov/MARC21/slim http://xc.ilcso.uiuc.edu:8080/OAIToolkit2/schema/MARC21slim_custom.xsd">
          <marc:leader>04918nam a2200865zi 4500</marc:leader>
          <marc:controlfield tag="001">BA32852354</marc:controlfield>
          <marc:controlfield tag="003">NII</marc:controlfield>
          <marc:controlfield tag="005">20110909134305.0</marc:controlfield>
          <marc:controlfield tag="007">ta </marc:controlfield>
          <marc:controlfield tag="008">090911s1997    ja ||||||b||||||||||jpn|d</marc:controlfield>
          <marc:datafield tag="016" ind1="7" ind2=" ">
            <marc:subfield code="a">BA32852354</marc:subfield>
            <marc:subfield code="2">JP-ToKJK</marc:subfield>
          </marc:datafield>
          <marc:datafield tag="020" ind1=" " ind2=" ">
            <marc:subfield code="a">4756805701(上巻)</marc:subfield>
          </marc:datafield>
          <marc:datafield tag="020" ind1=" " ind2=" ">
            <marc:subfield code="a">475680571X(下巻)</marc:subfield>
          </marc:datafield>
          <marc:datafield tag="040" ind1=" " ind2=" ">
            <marc:subfield code="a">NII</marc:subfield>
          </marc:datafield>
          <marc:datafield tag="041" ind1="0" ind2=" ">
            <marc:subfield code="a">jpn</marc:subfield>
          </marc:datafield>
          <marc:datafield tag="044" ind1=" " ind2=" ">
            <marc:subfield code="a">ja</marc:subfield>
            <marc:subfield code="5">NII</marc:subfield>
          </marc:datafield>
          <marc:datafield tag="084" ind1=" " ind2=" ">
            <marc:subfield code="a">220.04</marc:subfield>
            <marc:subfield code="2">NDC6</marc:subfield>
          </marc:datafield>
          <marc:datafield tag="084" ind1=" " ind2=" ">
            <marc:subfield code="a">220.04</marc:subfield>
            <marc:subfield code="2">NDC8</marc:subfield>
          </marc:datafield>
          <marc:datafield tag="100" ind1="1" ind2=" ">
            <marc:subfield code="6">880-01</marc:subfield>
            <marc:subfield code="a">史学会(東京大学内)</marc:subfield>
            <marc:subfield code="0">(NII)DA01114934</marc:subfield>
          </marc:datafield>
          <marc:datafield tag="245" ind1="1" ind2="0">
            <marc:subfield code="a">東西交渉史論</marc:subfield>
            <marc:subfield code="c">史学会編</marc:subfield>
            <marc:subfield code="6">880-02</marc:subfield>
          </marc:datafield>
          <marc:datafield tag="246" ind1="3" ind2="3">
            <marc:subfield code="6">880-03</marc:subfield>
            <marc:subfield code="a">東西交渉史論</marc:subfield>
          </marc:datafield>
          <marc:datafield tag="260" ind1=" " ind2=" ">
            <marc:subfield code="a">東京</marc:subfield>
            <marc:subfield code="b">大空社</marc:subfield>
            <marc:subfield code="c">1997.9</marc:subfield>
          </marc:datafield>
          <marc:datafield tag="300" ind1=" " ind2=" ">
            <marc:subfield code="a">2冊 (1410p)</marc:subfield>
            <marc:subfield code="c">22cm</marc:subfield>
          </marc:datafield>
          <marc:datafield tag="490" ind1="0" ind2=" ">
            <marc:subfield code="6">880-04</marc:subfield>
            <marc:subfield code="a">アジア学叢書</marc:subfield>
            <marc:subfield code="3">BN14955175</marc:subfield>
            <marc:subfield code="v">30, 31</marc:subfield>
          </marc:datafield>
          <marc:datafield tag="500" ind1=" " ind2=" ">
            <marc:subfield code="a">史學會創立五十年記念</marc:subfield>
          </marc:datafield>
          <marc:datafield tag="500" ind1=" " ind2=" ">
            <marc:subfield code="a">内容著作注記のヨミは確定していない</marc:subfield>
          </marc:datafield>
          <marc:datafield tag="500" ind1=" " ind2=" ">
            <marc:subfield code="a">復刻: 昭和14年冨山房発行</marc:subfield>
          </marc:datafield>
          <marc:datafield tag="500" ind1=" " ind2=" ">
            <marc:subfield code="a">執筆白鳥庫吉ほか</marc:subfield>
          </marc:datafield>
          <marc:datafield tag="500" ind1=" " ind2=" ">
            <marc:subfield code="a">下巻: 折り込図1枚</marc:subfield>
          </marc:datafield>
          <marc:datafield tag="505" ind1="0" ind2="0">
            <marc:subfield code="g">上巻</marc:subfield>
            <marc:subfield code="t">東西交渉史上より觀たる遊牧民族</marc:subfield>
            <marc:subfield code="r">白鳥庫吉 [著]</marc:subfield>
          </marc:datafield>
          <marc:datafield tag="505" ind1="0" ind2="0">
            <marc:subfield code="t">波斯戰役の性格</marc:subfield>
            <marc:subfield code="r">原隨園 [著]</marc:subfield>
          </marc:datafield>
          <marc:datafield tag="505" ind1="0" ind2="0">
            <marc:subfield code="t">「エリュトラ海案内記」に見えたる紀元一世紀の南海貿易</marc:subfield>
            <marc:subfield code="r">村川堅太郎 [著]</marc:subfield>
          </marc:datafield>
          <marc:datafield tag="505" ind1="0" ind2="0">
            <marc:subfield code="t">禺氏の玉と江漢の珠</marc:subfield>
            <marc:subfield code="r">松田壽男 [著]</marc:subfield>
          </marc:datafield>
          <marc:datafield tag="505" ind1="0" ind2="0">
            <marc:subfield code="t">正倉院御物を通して觀たる東西文化の交渉</marc:subfield>
            <marc:subfield code="r">原田淑人 [著]</marc:subfield>
          </marc:datafield>
          <marc:datafield tag="505" ind1="0" ind2="0">
            <marc:subfield code="t">ザンヂュ考</marc:subfield>
            <marc:subfield code="r">小林元 [著]</marc:subfield>
          </marc:datafield>
          <marc:datafield tag="505" ind1="0" ind2="0">
            <marc:subfield code="t">印度支那の建國説話</marc:subfield>
            <marc:subfield code="r">山本達郎 [著]</marc:subfield>
          </marc:datafield>
          <marc:datafield tag="505" ind1="0" ind2="0">
            <marc:subfield code="t">東西交渉史上に於ける十字軍の意義</marc:subfield>
            <marc:subfield code="r">山中謙二 [著]</marc:subfield>
          </marc:datafield>
          <marc:datafield tag="505" ind1="0" ind2="0">
            <marc:subfield code="t">元代の東西交通</marc:subfield>
            <marc:subfield code="r">岩井大慧 [著]</marc:subfield>
          </marc:datafield>
          <marc:datafield tag="505" ind1="0" ind2="0">
            <marc:subfield code="t">東西交渉史上の香料</marc:subfield>
            <marc:subfield code="r">秋山謙藏 [著]</marc:subfield>
          </marc:datafield>
          <marc:datafield tag="505" ind1="0" ind2="0">
            <marc:subfield code="t">我が史料より見たる戰國時代東西交渉史</marc:subfield>
            <marc:subfield code="r">渡邊世祐 [著]</marc:subfield>
          </marc:datafield>
          <marc:datafield tag="505" ind1="0" ind2="0">
            <marc:subfield code="t">ポルトガル交通が我國に及ぼしたる影響</marc:subfield>
            <marc:subfield code="r">村上直次郎 [著]</marc:subfield>
          </marc:datafield>
          <marc:datafield tag="505" ind1="0" ind2="0">
            <marc:subfield code="t">南洋に於ける日歐關係の推移</marc:subfield>
            <marc:subfield code="r">岩生成一 [著]</marc:subfield>
          </marc:datafield>
          <marc:datafield tag="505" ind1="0" ind2="0">
            <marc:subfield code="t">近世初期に於ける主要なる輸入物資について</marc:subfield>
            <marc:subfield code="r">岡田章雄 [著]</marc:subfield>
          </marc:datafield>
          <marc:datafield tag="505" ind1="0" ind2="0">
            <marc:subfield code="t">日蘭文化交渉に於ける人的要素</marc:subfield>
            <marc:subfield code="r">板澤武雄 [著]</marc:subfield>
          </marc:datafield>
          <marc:datafield tag="505" ind1="0" ind2="0">
            <marc:subfield code="t">ウィルレム・ユセレンクスの眼に映じたる東印度貿易</marc:subfield>
            <marc:subfield code="r">大塚久雄 [著]</marc:subfield>
          </marc:datafield>
          <marc:datafield tag="505" ind1="0" ind2="0">
            <marc:subfield code="t">カロンの飜譯した武鑑の復原</marc:subfield>
            <marc:subfield code="r">幸田成友 [著]</marc:subfield>
          </marc:datafield>
          <marc:datafield tag="505" ind1="0" ind2="0">
            <marc:subfield code="g">下巻</marc:subfield>
            <marc:subfield code="t">文化史上に於ける佛蘭西東洋政策の環境</marc:subfield>
            <marc:subfield code="r">長壽吉 [著]</marc:subfield>
          </marc:datafield>
          <marc:datafield tag="505" ind1="0" ind2="0">
            <marc:subfield code="t">インドに於けるイギリス直接支配成立の歴史的内容 : その社會經濟史的研究の一節</marc:subfield>
            <marc:subfield code="r">田中正義 [著]</marc:subfield>
          </marc:datafield>
          <marc:datafield tag="505" ind1="0" ind2="0">
            <marc:subfield code="t">歐米諸國の極東進出と幕末に於ける我が貿易の趨勢</marc:subfield>
            <marc:subfield code="r">丸山國雄 [著]</marc:subfield>
          </marc:datafield>
          <marc:datafield tag="505" ind1="0" ind2="0">
            <marc:subfield code="t">歐米諸國を對象とする進取經略論の發展</marc:subfield>
            <marc:subfield code="r">井野邊茂雄 [著]</marc:subfield>
          </marc:datafield>
          <marc:datafield tag="505" ind1="0" ind2="0">
            <marc:subfield code="t">岩倉全權大使の米歐囘覽</marc:subfield>
            <marc:subfield code="r">森谷秀亮 [著]</marc:subfield>
          </marc:datafield>
          <marc:datafield tag="505" ind1="0" ind2="0">
            <marc:subfield code="t">露國の東亞政策と列強</marc:subfield>
            <marc:subfield code="r">齋藤清太郎 [著]</marc:subfield>
          </marc:datafield>
          <marc:datafield tag="505" ind1="0" ind2="0">
            <marc:subfield code="t">義和拳匪亂と日露</marc:subfield>
            <marc:subfield code="r">田保橋潔 [著]</marc:subfield>
          </marc:datafield>
          <marc:datafield tag="505" ind1="0" ind2="0">
            <marc:subfield code="t">所謂「江東六十四屯」の問題について</marc:subfield>
            <marc:subfield code="r">和田清 [著]</marc:subfield>
          </marc:datafield>
          <marc:datafield tag="505" ind1="0" ind2="0">
            <marc:subfield code="t">第一囘日英同盟の成立とドイツ帝國</marc:subfield>
            <marc:subfield code="r">時野谷常三郎 [著]</marc:subfield>
          </marc:datafield>
          <marc:datafield tag="505" ind1="0" ind2="0">
            <marc:subfield code="t">大戰前に於ける日獨關係の一側面 : 日英同盟の角度より見たる</marc:subfield>
            <marc:subfield code="r">原種行 [著]</marc:subfield>
          </marc:datafield>
          <marc:datafield tag="505" ind1="0" ind2="0">
            <marc:subfield code="t">米國の東洋政策</marc:subfield>
            <marc:subfield code="r">新見吉治 [著]</marc:subfield>
          </marc:datafield>
          <marc:datafield tag="505" ind1="0" ind2="0">
            <marc:subfield code="t">日土條約締結史上の問題</marc:subfield>
            <marc:subfield code="r">内藤智秀 [著]</marc:subfield>
          </marc:datafield>
          <marc:datafield tag="505" ind1="0" ind2="0">
            <marc:subfield code="t">東西交渉史上に於ける科學の状態</marc:subfield>
            <marc:subfield code="r">三上義夫 [著]</marc:subfield>
          </marc:datafield>
          <marc:datafield tag="505" ind1="0" ind2="0">
            <marc:subfield code="t">東西洋交渉史上に於ける現代日本</marc:subfield>
            <marc:subfield code="r">村川堅固 [著]</marc:subfield>
          </marc:datafield>
          <marc:datafield tag="650" ind1=" " ind2="7">
            <marc:subfield code="6">880-05</marc:subfield>
            <marc:subfield code="a">東洋 -- 歴史 -- 論説</marc:subfield>
            <marc:subfield code="2">NDLSH</marc:subfield>
          </marc:datafield>
          <marc:datafield tag="650" ind1=" " ind2="7">
            <marc:subfield code="6">880-06</marc:subfield>
            <marc:subfield code="a">東洋史</marc:subfield>
            <marc:subfield code="2">BSH</marc:subfield>
          </marc:datafield>
          <marc:datafield tag="740" ind1="0" ind2=" ">
            <marc:subfield code="a">東西交渉史論</marc:subfield>
          </marc:datafield>
          <marc:datafield tag="830" ind1=" " ind2=" ">
            <marc:subfield code="w">BN14955175</marc:subfield>
          </marc:datafield>
          <marc:datafield tag="852" ind1=" " ind2=" ">
            <marc:subfield code="a">九大(FA003454)</marc:subfield>
            <marc:subfield code="k">東洋史/47A/58</marc:subfield>
            <marc:subfield code="m">OTHER</marc:subfield>
            <marc:subfield code="b">Humanities and Social Sciences</marc:subfield>
            <marc:subfield code="x">Research room</marc:subfield>
            <marc:subfield code="j">文 東史(研究室)</marc:subfield>
            <marc:subfield code="g">LETTERS, Oriental History research room</marc:subfield>
            <marc:subfield code="p">005111997042010</marc:subfield>
            <marc:subfield code="f">4756805701</marc:subfield>
            <marc:subfield code="8">上</marc:subfield>
            <marc:subfield code="6">2009-11-12</marc:subfield>
            <marc:subfield code="i">AA202090</marc:subfield>
          </marc:datafield>
          <marc:datafield tag="852" ind1=" " ind2=" ">
            <marc:subfield code="a">九大(FA003454)</marc:subfield>
            <marc:subfield code="k">東洋史/47A/58</marc:subfield>
            <marc:subfield code="m">OTHER</marc:subfield>
            <marc:subfield code="b">Humanities and Social Sciences</marc:subfield>
            <marc:subfield code="x">Research room</marc:subfield>
            <marc:subfield code="j">文 東史(研究室)</marc:subfield>
            <marc:subfield code="g">LETTERS, Oriental History research room</marc:subfield>
            <marc:subfield code="p">005111997042022</marc:subfield>
            <marc:subfield code="f">475680571X</marc:subfield>
            <marc:subfield code="8">下</marc:subfield>
            <marc:subfield code="6">2009-11-12</marc:subfield>
            <marc:subfield code="i">AA202090</marc:subfield>
          </marc:datafield>
          <marc:datafield tag="852" ind1=" " ind2=" ">
            <marc:subfield code="a">九大(FA003454)</marc:subfield>
            <marc:subfield code="k">比研/389.10B/383-30</marc:subfield>
            <marc:subfield code="m">OTHER</marc:subfield>
            <marc:subfield code="b">Humanities and Social Sciences</marc:subfield>
            <marc:subfield code="x">Library</marc:subfield>
            <marc:subfield code="j">教育</marc:subfield>
            <marc:subfield code="g">EDUCATION</marc:subfield>
            <marc:subfield code="p">007111997004900</marc:subfield>
            <marc:subfield code="f">4756805701</marc:subfield>
            <marc:subfield code="8">上</marc:subfield>
            <marc:subfield code="6">1998-02-03</marc:subfield>
            <marc:subfield code="i">BB000000</marc:subfield>
          </marc:datafield>
          <marc:datafield tag="852" ind1=" " ind2=" ">
            <marc:subfield code="a">九大(FA003454)</marc:subfield>
            <marc:subfield code="k">比研/389.10B/383-31</marc:subfield>
            <marc:subfield code="m">OTHER</marc:subfield>
            <marc:subfield code="b">Humanities and Social Sciences</marc:subfield>
            <marc:subfield code="x">Library</marc:subfield>
            <marc:subfield code="j">教育</marc:subfield>
            <marc:subfield code="g">EDUCATION</marc:subfield>
            <marc:subfield code="p">007111997004912</marc:subfield>
            <marc:subfield code="f">475680571X</marc:subfield>
            <marc:subfield code="8">下</marc:subfield>
            <marc:subfield code="6">1998-02-03</marc:subfield>
            <marc:subfield code="i">BB000000</marc:subfield>
          </marc:datafield>
          <marc:datafield tag="880" ind1="1" ind2=" ">
            <marc:subfield code="6">100-01/$1</marc:subfield>
            <marc:subfield code="a">シガッカイ</marc:subfield>
          </marc:datafield>
          <marc:datafield tag="880" ind1="1" ind2="0">
            <marc:subfield code="6">245-02/$1</marc:subfield>
            <marc:subfield code="a">トウザイ コウショウシ ロン</marc:subfield>
          </marc:datafield>
          <marc:datafield tag="880" ind1="3" ind2="3">
            <marc:subfield code="6">246-03/$1</marc:subfield>
            <marc:subfield code="a">トウザイ コウショウ シロン</marc:subfield>
          </marc:datafield>
          <marc:datafield tag="880" ind1="0" ind2=" ">
            <marc:subfield code="6">490-04/$1</marc:subfield>
            <marc:subfield code="a">アジアガク ソウショ</marc:subfield>
          </marc:datafield>
          <marc:datafield tag="880" ind1=" " ind2="7">
            <marc:subfield code="6">650-05/$1</marc:subfield>
            <marc:subfield code="a">トウヨウ -- レキシ -- ロンセツ</marc:subfield>
          </marc:datafield>
          <marc:datafield tag="880" ind1=" " ind2="7">
            <marc:subfield code="6">650-06/$1</marc:subfield>
            <marc:subfield code="a">トウヨウシ</marc:subfield>
          </marc:datafield>
        </marc:record>
      </metadata>
    </record>