
    <record>
      <header>
        <identifier>oai:carli.illinois.edu:CARLIVoyager2/524</identifier>
        <datestamp>2011-10-21T18:55:53Z</datestamp>
        <setSpec>bib</setSpec>
      </header>
      <metadata>
        <marc:record xmlns:marc="http://www.loc.gov/MARC21/slim" xmlns:xsi="http://www.w3.org/2001/XMLSchema-instance" xsi:schemaLocation="http://www.loc.gov/MARC21/slim http://xc.ilcso.uiuc.edu:8080/OAIToolkit2/schema/MARC21slim_custom.xsd">
          <marc:leader>02984nam a2200481zi 4500</marc:leader>
          <marc:controlfield tag="001">BA3317930X</marc:controlfield>
          <marc:controlfield tag="003">NII</marc:controlfield>
          <marc:controlfield tag="005">20110909134307.0</marc:controlfield>
          <marc:controlfield tag="007">ta </marc:controlfield>
          <marc:controlfield tag="008">090918s1997    ja ||||||b||||||||||jpn|d</marc:controlfield>
          <marc:datafield tag="016" ind1="7" ind2=" ">
            <marc:subfield code="a">BA3317930X</marc:subfield>
            <marc:subfield code="2">JP-ToKJK</marc:subfield>
          </marc:datafield>
          <marc:datafield tag="040" ind1=" " ind2=" ">
            <marc:subfield code="a">NII</marc:subfield>
          </marc:datafield>
          <marc:datafield tag="041" ind1="0" ind2=" ">
            <marc:subfield code="a">jpn</marc:subfield>
            <marc:subfield code="a">eng</marc:subfield>
          </marc:datafield>
          <marc:datafield tag="044" ind1=" " ind2=" ">
            <marc:subfield code="a">ja</marc:subfield>
            <marc:subfield code="5">NII</marc:subfield>
          </marc:datafield>
          <marc:datafield tag="100" ind1="1" ind2=" ">
            <marc:subfield code="6">880-01</marc:subfield>
            <marc:subfield code="a">京都大学数理解析研究所</marc:subfield>
            <marc:subfield code="0">(NII)DA00277933</marc:subfield>
          </marc:datafield>
          <marc:datafield tag="245" ind1="1" ind2="0">
            <marc:subfield code="a">Potential theory and its related fields</marc:subfield>
          </marc:datafield>
          <marc:datafield tag="246" ind1="3" ind2="4">
            <marc:subfield code="6">880-02</marc:subfield>
            <marc:subfield code="a">ポテンシャル論とその関連分野</marc:subfield>
          </marc:datafield>
          <marc:datafield tag="260" ind1=" " ind2=" ">
            <marc:subfield code="a">京都</marc:subfield>
            <marc:subfield code="b">京都大学数理解析研究所</marc:subfield>
            <marc:subfield code="c">1997.11</marc:subfield>
          </marc:datafield>
          <marc:datafield tag="300" ind1=" " ind2=" ">
            <marc:subfield code="a">171p</marc:subfield>
            <marc:subfield code="c">26cm</marc:subfield>
          </marc:datafield>
          <marc:datafield tag="490" ind1="0" ind2=" ">
            <marc:subfield code="6">880-03</marc:subfield>
            <marc:subfield code="a">数理解析研究所講究録</marc:subfield>
            <marc:subfield code="3">BN06637050</marc:subfield>
            <marc:subfield code="v">1016</marc:subfield>
          </marc:datafield>
          <marc:datafield tag="500" ind1=" " ind2=" ">
            <marc:subfield code="a">「ポテンシャル論とその関連分野」研究集会報告集, 1997年6月25日-6月27日, 研究代表者: 相川弘明</marc:subfield>
          </marc:datafield>
          <marc:datafield tag="505" ind1="0" ind2="0">
            <marc:subfield code="t">Parabolic equations whose nonnegative solutions in a cylinder are determined only by their initial values</marc:subfield>
            <marc:subfield code="r">Kazuhiro Ishige, Minoru Murata</marc:subfield>
          </marc:datafield>
          <marc:datafield tag="505" ind1="0" ind2="0">
            <marc:subfield code="t">半線型退化楕円型方程式の解の除去可能な特異点とその応用</marc:subfield>
            <marc:subfield code="r">堀内利郎</marc:subfield>
          </marc:datafield>
          <marc:datafield tag="505" ind1="0" ind2="0">
            <marc:subfield code="t">一般化された法線微分と調和関数の一意定理</marc:subfield>
            <marc:subfield code="r">鈴木紀明</marc:subfield>
          </marc:datafield>
          <marc:datafield tag="505" ind1="0" ind2="0">
            <marc:subfield code="t">一般領域上のBMO関数の可積分性と優調和関数への応用</marc:subfield>
            <marc:subfield code="r">後藤泰宏</marc:subfield>
          </marc:datafield>
          <marc:datafield tag="505" ind1="0" ind2="0">
            <marc:subfield code="t">On continuity of extremal distance in case islands exist</marc:subfield>
            <marc:subfield code="r">Naondo Jin, Makoto Ohtsuka</marc:subfield>
          </marc:datafield>
          <marc:datafield tag="505" ind1="0" ind2="0">
            <marc:subfield code="t">ポテンシャル問題の数値解法</marc:subfield>
            <marc:subfield code="r">岡本久</marc:subfield>
          </marc:datafield>
          <marc:datafield tag="505" ind1="0" ind2="0">
            <marc:subfield code="t">代用電荷法における逆等角写像のポテンシャル論的スキーム</marc:subfield>
            <marc:subfield code="r">井上哲男</marc:subfield>
          </marc:datafield>
          <marc:datafield tag="505" ind1="0" ind2="0">
            <marc:subfield code="t">Singular elliptic operator の調和解析と不変ポテンシャル論</marc:subfield>
            <marc:subfield code="r">新井仁之</marc:subfield>
          </marc:datafield>
          <marc:datafield tag="505" ind1="0" ind2="0">
            <marc:subfield code="t">無限ネットワークの非線形倉持境界</marc:subfield>
            <marc:subfield code="r">村上温, Maretsugu Yamasaki</marc:subfield>
          </marc:datafield>
          <marc:datafield tag="505" ind1="0" ind2="0">
            <marc:subfield code="t">Continuity properties and exponential integrability for Riesz potentials of functions in Orlicz classes</marc:subfield>
            <marc:subfield code="r">Tetsu Shimomura</marc:subfield>
          </marc:datafield>
          <marc:datafield tag="505" ind1="0" ind2="0">
            <marc:subfield code="t">時間に依存するディリクレー形式の族と対応するマルコフ過程について</marc:subfield>
            <marc:subfield code="r">大島洋一</marc:subfield>
          </marc:datafield>
          <marc:datafield tag="505" ind1="0" ind2="0">
            <marc:subfield code="t">Quasiisometric mappings and the variational capacity</marc:subfield>
            <marc:subfield code="r">Mitsuru Nakai</marc:subfield>
          </marc:datafield>
          <marc:datafield tag="505" ind1="0" ind2="0">
            <marc:subfield code="t">On the thinness of a closed set in the neighborhood of the point at infinity</marc:subfield>
            <marc:subfield code="r">Isao Higuchi</marc:subfield>
          </marc:datafield>
          <marc:datafield tag="505" ind1="0" ind2="0">
            <marc:subfield code="t">On solutions of quasi-linear partial differential equations, -div A(x,▽u) + B(x,u) = 0</marc:subfield>
            <marc:subfield code="r">Takayori Ono</marc:subfield>
          </marc:datafield>
          <marc:datafield tag="505" ind1="0" ind2="0">
            <marc:subfield code="t">有限葉非有限界被覆面の倉持境界</marc:subfield>
            <marc:subfield code="r">神直人, 正岡弘照, 瀬川重男</marc:subfield>
          </marc:datafield>
          <marc:datafield tag="740" ind1="0" ind2=" ">
            <marc:subfield code="a">Potential theory and its related fields</marc:subfield>
          </marc:datafield>
          <marc:datafield tag="830" ind1=" " ind2=" ">
            <marc:subfield code="w">BN06637050</marc:subfield>
          </marc:datafield>
          <marc:datafield tag="852" ind1=" " ind2=" ">
            <marc:subfield code="a">九大理系(FA02289X)</marc:subfield>
            <marc:subfield code="k">逐次刊行物</marc:subfield>
            <marc:subfield code="m">OTHER</marc:subfield>
            <marc:subfield code="b">Ito</marc:subfield>
            <marc:subfield code="x">Library</marc:subfield>
            <marc:subfield code="j">伊都理系　自動書庫</marc:subfield>
            <marc:subfield code="g">Ito Library ASRS</marc:subfield>
            <marc:subfield code="p">023112008500968</marc:subfield>
            <marc:subfield code="6">2009-09-02</marc:subfield>
            <marc:subfield code="i">OP900000</marc:subfield>
          </marc:datafield>
          <marc:datafield tag="880" ind1="1" ind2=" ">
            <marc:subfield code="6">100-01/$1</marc:subfield>
            <marc:subfield code="a">キョウト ダイガク スウリ カイセキ ケンキュウショ</marc:subfield>
          </marc:datafield>
          <marc:datafield tag="880" ind1="3" ind2="4">
            <marc:subfield code="6">246-02/$1</marc:subfield>
            <marc:subfield code="a">ポテンシャルロン ト ソノ カンレン ブンヤ</marc:subfield>
          </marc:datafield>
          <marc:datafield tag="880" ind1="0" ind2=" ">
            <marc:subfield code="6">490-03/$1</marc:subfield>
            <marc:subfield code="a">スウリ カイセキ ケンキュウショ コウキュウロク</marc:subfield>
          </marc:datafield>
        </marc:record>
      </metadata>
    </record>