
    <record>
      <header>
        <identifier>oai:carli.illinois.edu:CARLIVoyager2/528</identifier>
        <datestamp>2011-10-21T18:55:53Z</datestamp>
        <setSpec>bib</setSpec>
      </header>
      <metadata>
        <marc:record xmlns:marc="http://www.loc.gov/MARC21/slim" xmlns:xsi="http://www.w3.org/2001/XMLSchema-instance" xsi:schemaLocation="http://www.loc.gov/MARC21/slim http://xc.ilcso.uiuc.edu:8080/OAIToolkit2/schema/MARC21slim_custom.xsd">
          <marc:leader>01264nam a2200325zi 4500</marc:leader>
          <marc:controlfield tag="001">BA33522490</marc:controlfield>
          <marc:controlfield tag="003">NII</marc:controlfield>
          <marc:controlfield tag="005">20110909134308.0</marc:controlfield>
          <marc:controlfield tag="007">ta </marc:controlfield>
          <marc:controlfield tag="008">090914s1997    ja ||||||b||||||||||jpn|d</marc:controlfield>
          <marc:datafield tag="016" ind1="7" ind2=" ">
            <marc:subfield code="a">BA33522490</marc:subfield>
            <marc:subfield code="2">JP-ToKJK</marc:subfield>
          </marc:datafield>
          <marc:datafield tag="020" ind1=" " ind2=" ">
            <marc:subfield code="a">4877370269</marc:subfield>
            <marc:subfield code="c">3800円</marc:subfield>
          </marc:datafield>
          <marc:datafield tag="040" ind1=" " ind2=" ">
            <marc:subfield code="a">NII</marc:subfield>
          </marc:datafield>
          <marc:datafield tag="041" ind1="0" ind2=" ">
            <marc:subfield code="a">jpn</marc:subfield>
          </marc:datafield>
          <marc:datafield tag="044" ind1=" " ind2=" ">
            <marc:subfield code="a">ja</marc:subfield>
            <marc:subfield code="5">NII</marc:subfield>
          </marc:datafield>
          <marc:datafield tag="084" ind1=" " ind2=" ">
            <marc:subfield code="a">910.268</marc:subfield>
            <marc:subfield code="2">NDC8</marc:subfield>
          </marc:datafield>
          <marc:datafield tag="084" ind1=" " ind2=" ">
            <marc:subfield code="a">910.268</marc:subfield>
            <marc:subfield code="2">NDC9</marc:subfield>
          </marc:datafield>
          <marc:datafield tag="100" ind1="1" ind2=" ">
            <marc:subfield code="6">880-01</marc:subfield>
            <marc:subfield code="a">村上, 林造(1952-)</marc:subfield>
            <marc:subfield code="0">(NII)DA11042432</marc:subfield>
          </marc:datafield>
          <marc:datafield tag="245" ind1="1" ind2="0">
            <marc:subfield code="a">土の文学</marc:subfield>
            <marc:subfield code="b">長塚節・芥川龍之介</marc:subfield>
            <marc:subfield code="c">村上林造著</marc:subfield>
            <marc:subfield code="6">880-02</marc:subfield>
          </marc:datafield>
          <marc:datafield tag="260" ind1=" " ind2=" ">
            <marc:subfield code="a">東京</marc:subfield>
            <marc:subfield code="b">翰林書房</marc:subfield>
            <marc:subfield code="c">1997.10</marc:subfield>
          </marc:datafield>
          <marc:datafield tag="300" ind1=" " ind2=" ">
            <marc:subfield code="a">283p</marc:subfield>
            <marc:subfield code="c">20cm</marc:subfield>
          </marc:datafield>
          <marc:datafield tag="650" ind1=" " ind2="7">
            <marc:subfield code="6">880-03</marc:subfield>
            <marc:subfield code="a">長塚, 節</marc:subfield>
            <marc:subfield code="2">BSH</marc:subfield>
          </marc:datafield>
          <marc:datafield tag="650" ind1=" " ind2="7">
            <marc:subfield code="6">880-04</marc:subfield>
            <marc:subfield code="a">芥川, 竜之介</marc:subfield>
            <marc:subfield code="2">BSH</marc:subfield>
          </marc:datafield>
          <marc:datafield tag="740" ind1="0" ind2=" ">
            <marc:subfield code="a">土の文学</marc:subfield>
          </marc:datafield>
          <marc:datafield tag="852" ind1=" " ind2=" ">
            <marc:subfield code="a">九大理系(FA02289X)</marc:subfield>
            <marc:subfield code="k">910.26/Mu 43/50992472</marc:subfield>
            <marc:subfield code="m">NDC</marc:subfield>
            <marc:subfield code="b">Ito</marc:subfield>
            <marc:subfield code="x">Library</marc:subfield>
            <marc:subfield code="j">伊都中央 BF開架</marc:subfield>
            <marc:subfield code="g">ItoChuo BF Open Stacks</marc:subfield>
            <marc:subfield code="p">050111999024720</marc:subfield>
            <marc:subfield code="f">4877370269</marc:subfield>
            <marc:subfield code="6">2000-03-08</marc:subfield>
            <marc:subfield code="i">OQ995000</marc:subfield>
          </marc:datafield>
          <marc:datafield tag="880" ind1="1" ind2=" ">
            <marc:subfield code="6">100-01/$1</marc:subfield>
            <marc:subfield code="a">ムラカミ, リンゾウ</marc:subfield>
          </marc:datafield>
          <marc:datafield tag="880" ind1="1" ind2="0">
            <marc:subfield code="6">245-02/$1</marc:subfield>
            <marc:subfield code="a">ツチ ノ ブンガク : ナガツカ タカシ アクタガワ リュウノスケ</marc:subfield>
          </marc:datafield>
          <marc:datafield tag="880" ind1=" " ind2="7">
            <marc:subfield code="6">650-03/$1</marc:subfield>
            <marc:subfield code="a">ナガツカ, タカシ</marc:subfield>
          </marc:datafield>
          <marc:datafield tag="880" ind1=" " ind2="7">
            <marc:subfield code="6">650-04/$1</marc:subfield>
            <marc:subfield code="a">アクタガワ, リュウノスケ</marc:subfield>
          </marc:datafield>
        </marc:record>
      </metadata>
    </record>