
    <record>
      <header>
        <identifier>oai:carli.illinois.edu:CARLIVoyager2/560</identifier>
        <datestamp>2011-10-21T18:55:54Z</datestamp>
        <setSpec>bib</setSpec>
      </header>
      <metadata>
        <marc:record xmlns:marc="http://www.loc.gov/MARC21/slim" xmlns:xsi="http://www.w3.org/2001/XMLSchema-instance" xsi:schemaLocation="http://www.loc.gov/MARC21/slim http://xc.ilcso.uiuc.edu:8080/OAIToolkit2/schema/MARC21slim_custom.xsd">
          <marc:leader>03597nam a2200577zi 4500</marc:leader>
          <marc:controlfield tag="001">BA35975463</marc:controlfield>
          <marc:controlfield tag="003">NII</marc:controlfield>
          <marc:controlfield tag="005">20110909134316.0</marc:controlfield>
          <marc:controlfield tag="007">ta </marc:controlfield>
          <marc:controlfield tag="008">090918s1998    ja ||||||b||||||||||eng|d</marc:controlfield>
          <marc:datafield tag="016" ind1="7" ind2=" ">
            <marc:subfield code="a">BA35975463</marc:subfield>
            <marc:subfield code="2">JP-ToKJK</marc:subfield>
          </marc:datafield>
          <marc:datafield tag="040" ind1=" " ind2=" ">
            <marc:subfield code="a">NII</marc:subfield>
          </marc:datafield>
          <marc:datafield tag="041" ind1="0" ind2=" ">
            <marc:subfield code="a">eng</marc:subfield>
            <marc:subfield code="a">jpn</marc:subfield>
          </marc:datafield>
          <marc:datafield tag="044" ind1=" " ind2=" ">
            <marc:subfield code="a">ja</marc:subfield>
            <marc:subfield code="5">NII</marc:subfield>
          </marc:datafield>
          <marc:datafield tag="100" ind1="1" ind2=" ">
            <marc:subfield code="6">880-01</marc:subfield>
            <marc:subfield code="a">京都大学数理解析研究所</marc:subfield>
            <marc:subfield code="0">(NII)DA00277933</marc:subfield>
          </marc:datafield>
          <marc:datafield tag="245" ind1="1" ind2="0">
            <marc:subfield code="a">Pattern formation and singularity in wave phenomena</marc:subfield>
          </marc:datafield>
          <marc:datafield tag="260" ind1=" " ind2=" ">
            <marc:subfield code="a">京都</marc:subfield>
            <marc:subfield code="b">京都大学数理解析研究所</marc:subfield>
            <marc:subfield code="c">1998.4</marc:subfield>
          </marc:datafield>
          <marc:datafield tag="300" ind1=" " ind2=" ">
            <marc:subfield code="a">iii, 247p</marc:subfield>
            <marc:subfield code="c">26cm</marc:subfield>
          </marc:datafield>
          <marc:datafield tag="490" ind1="0" ind2=" ">
            <marc:subfield code="6">880-02</marc:subfield>
            <marc:subfield code="a">数理解析研究所講究録</marc:subfield>
            <marc:subfield code="3">BN06637050</marc:subfield>
            <marc:subfield code="v">1030</marc:subfield>
          </marc:datafield>
          <marc:datafield tag="500" ind1=" " ind2=" ">
            <marc:subfield code="a">研究集会報告集 / 研究代表者:船越満明</marc:subfield>
          </marc:datafield>
          <marc:datafield tag="505" ind1="0" ind2="0">
            <marc:subfield code="t">Hysteresis, limit cycles and mode interactions of standing waves with Faraday exitation</marc:subfield>
            <marc:subfield code="r">A.D.D. Craik</marc:subfield>
          </marc:datafield>
          <marc:datafield tag="505" ind1="0" ind2="0">
            <marc:subfield code="t">1 : 2共鳴によるパターン形成</marc:subfield>
            <marc:subfield code="r">藤村薫</marc:subfield>
          </marc:datafield>
          <marc:datafield tag="505" ind1="0" ind2="0">
            <marc:subfield code="t">モデル方程式による不安定モードの選択則の数値的研究</marc:subfield>
            <marc:subfield code="r">村上洋一, 濱野泰宏</marc:subfield>
          </marc:datafield>
          <marc:datafield tag="505" ind1="0" ind2="0">
            <marc:subfield code="t">二重共鳴器列を取り付けたトンネル内を伝播する音響孤立波</marc:subfield>
            <marc:subfield code="r">土井直, 杉本信正</marc:subfield>
          </marc:datafield>
          <marc:datafield tag="505" ind1="0" ind2="0">
            <marc:subfield code="t">不均一な非線形電気回路における衝撃波</marc:subfield>
            <marc:subfield code="r">江原純一, 渡辺慎介</marc:subfield>
          </marc:datafield>
          <marc:datafield tag="505" ind1="0" ind2="0">
            <marc:subfield code="t">結合非分散方程式の双線形化</marc:subfield>
            <marc:subfield code="r">角畠浩, 紺野公明</marc:subfield>
          </marc:datafield>
          <marc:datafield tag="505" ind1="0" ind2="0">
            <marc:subfield code="t">Ishimori方程式のdromion解とlump解</marc:subfield>
            <marc:subfield code="r">今井健二</marc:subfield>
          </marc:datafield>
          <marc:datafield tag="505" ind1="0" ind2="0">
            <marc:subfield code="t">鉛直に加振した粒状体薄層に見られる表面波</marc:subfield>
            <marc:subfield code="r">佐野理</marc:subfield>
          </marc:datafield>
          <marc:datafield tag="505" ind1="0" ind2="0">
            <marc:subfield code="t">多重内部波ソリトンの線形安定性、並びに関連した話題</marc:subfield>
            <marc:subfield code="r">松野好雅</marc:subfield>
          </marc:datafield>
          <marc:datafield tag="505" ind1="0" ind2="0">
            <marc:subfield code="t">惑星スケール波動によって形成される金星雲模様の研究</marc:subfield>
            <marc:subfield code="r">山本勝, 田中浩</marc:subfield>
          </marc:datafield>
          <marc:datafield tag="505" ind1="0" ind2="0">
            <marc:subfield code="t">Gravity waves observed in a high-resolution GCM simulation</marc:subfield>
            <marc:subfield code="r">Kaoru Sato, Thoshiro Kumakura. Masaaki Takahashi</marc:subfield>
          </marc:datafield>
          <marc:datafield tag="505" ind1="0" ind2="0">
            <marc:subfield code="t">臨界緯度におけるロスビー波のふるまい</marc:subfield>
            <marc:subfield code="r">榎本剛 松田佳久</marc:subfield>
          </marc:datafield>
          <marc:datafield tag="505" ind1="0" ind2="0">
            <marc:subfield code="t">対流圏界面付近の中間規模波動</marc:subfield>
            <marc:subfield code="r">山森美穂, 佐藤薫 廣田勇</marc:subfield>
          </marc:datafield>
          <marc:datafield tag="505" ind1="0" ind2="0">
            <marc:subfield code="t">安定な成層が壁面せん断乱流に及ぼす効果</marc:subfield>
            <marc:subfield code="r">永翁龍一</marc:subfield>
          </marc:datafield>
          <marc:datafield tag="505" ind1="0" ind2="0">
            <marc:subfield code="t">脳におけるソリトン : α-波のモデル</marc:subfield>
            <marc:subfield code="r">紺野公明, 前野峰樹, 片山容一, 山本隆充</marc:subfield>
          </marc:datafield>
          <marc:datafield tag="505" ind1="0" ind2="0">
            <marc:subfield code="t">液膜流モデルを中心としたKdV方程式の摂動系に現れる波</marc:subfield>
            <marc:subfield code="r">小川知之</marc:subfield>
          </marc:datafield>
          <marc:datafield tag="505" ind1="0" ind2="0">
            <marc:subfield code="t">浅海域における波群と長周期(風)波</marc:subfield>
            <marc:subfield code="r">水口優</marc:subfield>
          </marc:datafield>
          <marc:datafield tag="505" ind1="0" ind2="0">
            <marc:subfield code="t">海洋波のための数値スキームの研究</marc:subfield>
            <marc:subfield code="r">田中光宏</marc:subfield>
          </marc:datafield>
          <marc:datafield tag="505" ind1="0" ind2="0">
            <marc:subfield code="t">大きな振幅の切れ波(3次元進行波)</marc:subfield>
            <marc:subfield code="r">岡村誠</marc:subfield>
          </marc:datafield>
          <marc:datafield tag="505" ind1="0" ind2="0">
            <marc:subfield code="t">一層が非常に深い二層流体中の地形による長波の生成</marc:subfield>
            <marc:subfield code="r">辻英一, 及川正行</marc:subfield>
          </marc:datafield>
          <marc:datafield tag="505" ind1="0" ind2="0">
            <marc:subfield code="t">水底の隆起に補足される浅水波の実験</marc:subfield>
            <marc:subfield code="r">宮井博基, 渡辺慎介</marc:subfield>
          </marc:datafield>
          <marc:datafield tag="505" ind1="0" ind2="0">
            <marc:subfield code="t">局在した地形変化による浅水波の生成</marc:subfield>
            <marc:subfield code="r">大杉保郎, 船越満明</marc:subfield>
          </marc:datafield>
          <marc:datafield tag="505" ind1="0" ind2="0">
            <marc:subfield code="t">非平衡 viscous fingering の幾何学的側面</marc:subfield>
            <marc:subfield code="r">松岡千博</marc:subfield>
          </marc:datafield>
          <marc:datafield tag="505" ind1="0" ind2="0">
            <marc:subfield code="t">臨界を大きく超えた液膜流に生じる構造</marc:subfield>
            <marc:subfield code="r">大信田丈志</marc:subfield>
          </marc:datafield>
          <marc:datafield tag="505" ind1="0" ind2="0">
            <marc:subfield code="t">磁性流体自由表面問題における流体と磁場の相互作用</marc:subfield>
            <marc:subfield code="r">水田洋</marc:subfield>
          </marc:datafield>
          <marc:datafield tag="740" ind1="0" ind2=" ">
            <marc:subfield code="a">Pattern formation and singularity in wave phenomena</marc:subfield>
          </marc:datafield>
          <marc:datafield tag="830" ind1=" " ind2=" ">
            <marc:subfield code="w">BN06637050</marc:subfield>
          </marc:datafield>
          <marc:datafield tag="852" ind1=" " ind2=" ">
            <marc:subfield code="a">九大理系(FA02289X)</marc:subfield>
            <marc:subfield code="k">逐次刊行物</marc:subfield>
            <marc:subfield code="m">OTHER</marc:subfield>
            <marc:subfield code="b">Ito</marc:subfield>
            <marc:subfield code="x">Library</marc:subfield>
            <marc:subfield code="j">伊都理系　自動書庫</marc:subfield>
            <marc:subfield code="g">Ito Library ASRS</marc:subfield>
            <marc:subfield code="p">023112008501108</marc:subfield>
            <marc:subfield code="6">2009-09-02</marc:subfield>
            <marc:subfield code="i">OP900000</marc:subfield>
          </marc:datafield>
          <marc:datafield tag="880" ind1="1" ind2=" ">
            <marc:subfield code="6">100-01/$1</marc:subfield>
            <marc:subfield code="a">キョウト ダイガク スウリ カイセキ ケンキュウショ</marc:subfield>
          </marc:datafield>
          <marc:datafield tag="880" ind1="0" ind2=" ">
            <marc:subfield code="6">490-02/$1</marc:subfield>
            <marc:subfield code="a">スウリ カイセキ ケンキュウショ コウキュウロク</marc:subfield>
          </marc:datafield>
        </marc:record>
      </metadata>
    </record>