
    <record>
      <header>
        <identifier>oai:carli.illinois.edu:CARLIVoyager2/562</identifier>
        <datestamp>2011-10-21T18:55:54Z</datestamp>
        <setSpec>bib</setSpec>
      </header>
      <metadata>
        <marc:record xmlns:marc="http://www.loc.gov/MARC21/slim" xmlns:xsi="http://www.w3.org/2001/XMLSchema-instance" xsi:schemaLocation="http://www.loc.gov/MARC21/slim http://xc.ilcso.uiuc.edu:8080/OAIToolkit2/schema/MARC21slim_custom.xsd">
          <marc:leader>01681nam a2200373zi 4500</marc:leader>
          <marc:controlfield tag="001">BA36193475</marc:controlfield>
          <marc:controlfield tag="003">NII</marc:controlfield>
          <marc:controlfield tag="005">20110909134317.0</marc:controlfield>
          <marc:controlfield tag="007">ta </marc:controlfield>
          <marc:controlfield tag="008">090916s1998    ja ||||||b||||||||||jpn|d</marc:controlfield>
          <marc:datafield tag="016" ind1="7" ind2=" ">
            <marc:subfield code="a">BA36193475</marc:subfield>
            <marc:subfield code="2">JP-ToKJK</marc:subfield>
          </marc:datafield>
          <marc:datafield tag="020" ind1=" " ind2=" ">
            <marc:subfield code="a">4890132708</marc:subfield>
            <marc:subfield code="c">15000円</marc:subfield>
          </marc:datafield>
          <marc:datafield tag="040" ind1=" " ind2=" ">
            <marc:subfield code="a">NII</marc:subfield>
          </marc:datafield>
          <marc:datafield tag="041" ind1="0" ind2=" ">
            <marc:subfield code="a">jpn</marc:subfield>
          </marc:datafield>
          <marc:datafield tag="044" ind1=" " ind2=" ">
            <marc:subfield code="a">ja</marc:subfield>
            <marc:subfield code="5">NII</marc:subfield>
          </marc:datafield>
          <marc:datafield tag="084" ind1=" " ind2=" ">
            <marc:subfield code="a">493.18</marc:subfield>
            <marc:subfield code="2">NDC8</marc:subfield>
          </marc:datafield>
          <marc:datafield tag="084" ind1=" " ind2=" ">
            <marc:subfield code="a">493.185</marc:subfield>
            <marc:subfield code="2">NDC9</marc:subfield>
          </marc:datafield>
          <marc:datafield tag="100" ind1="1" ind2=" ">
            <marc:subfield code="6">880-01</marc:subfield>
            <marc:subfield code="a">村上, 元庸(1953-)</marc:subfield>
            <marc:subfield code="0">(NII)DA11458361</marc:subfield>
          </marc:datafield>
          <marc:datafield tag="245" ind1="1" ind2="0">
            <marc:subfield code="a">老年学大事典</marc:subfield>
            <marc:subfield code="c">村上元庸編集</marc:subfield>
            <marc:subfield code="6">880-02</marc:subfield>
          </marc:datafield>
          <marc:datafield tag="260" ind1=" " ind2=" ">
            <marc:subfield code="a">新潟</marc:subfield>
            <marc:subfield code="b">西村書店</marc:subfield>
            <marc:subfield code="c">1998.6</marc:subfield>
          </marc:datafield>
          <marc:datafield tag="300" ind1=" " ind2=" ">
            <marc:subfield code="a">[10] , 687p</marc:subfield>
            <marc:subfield code="c">27cm</marc:subfield>
          </marc:datafield>
          <marc:datafield tag="500" ind1=" " ind2=" ">
            <marc:subfield code="a">執筆: 秋口一郎 [ほか]</marc:subfield>
          </marc:datafield>
          <marc:datafield tag="500" ind1=" " ind2=" ">
            <marc:subfield code="a">監修: 北徹</marc:subfield>
          </marc:datafield>
          <marc:datafield tag="650" ind1=" " ind2="7">
            <marc:subfield code="6">880-03</marc:subfield>
            <marc:subfield code="a">老人医学 -- 便覧</marc:subfield>
            <marc:subfield code="2">BSH</marc:subfield>
          </marc:datafield>
          <marc:datafield tag="650" ind1=" " ind2="7">
            <marc:subfield code="6">880-04</marc:subfield>
            <marc:subfield code="a">老人病</marc:subfield>
            <marc:subfield code="2">NDLSH</marc:subfield>
          </marc:datafield>
          <marc:datafield tag="740" ind1="0" ind2=" ">
            <marc:subfield code="a">老年学大事典</marc:subfield>
          </marc:datafield>
          <marc:datafield tag="852" ind1=" " ind2=" ">
            <marc:subfield code="a">九大(FA003454)</marc:subfield>
            <marc:subfield code="k">地域福祉/21/47</marc:subfield>
            <marc:subfield code="m">OTHER</marc:subfield>
            <marc:subfield code="b">Humanities and Social Sciences</marc:subfield>
            <marc:subfield code="x">Research room</marc:subfield>
            <marc:subfield code="j">文 地域福祉(研究室)</marc:subfield>
            <marc:subfield code="g">LETTERS, Sociology of Community Welfare research r</marc:subfield>
            <marc:subfield code="p">005112003053237</marc:subfield>
            <marc:subfield code="f">4890132708</marc:subfield>
            <marc:subfield code="6">2009-11-13</marc:subfield>
            <marc:subfield code="i">AA404090</marc:subfield>
          </marc:datafield>
          <marc:datafield tag="852" ind1=" " ind2=" ">
            <marc:subfield code="a">九大医(FA003465)</marc:subfield>
            <marc:subfield code="k">WT 13/R 66/2001</marc:subfield>
            <marc:subfield code="m">NLM</marc:subfield>
            <marc:subfield code="b">Medical</marc:subfield>
            <marc:subfield code="x">Library</marc:subfield>
            <marc:subfield code="j">医学図書館 1F開架</marc:subfield>
            <marc:subfield code="g">MEDICAL LIBRARY, Open Stacks, First Floor</marc:subfield>
            <marc:subfield code="p">042122003019043</marc:subfield>
            <marc:subfield code="f">4890132708</marc:subfield>
            <marc:subfield code="6">2004-06-22</marc:subfield>
            <marc:subfield code="i">OR990000</marc:subfield>
          </marc:datafield>
          <marc:datafield tag="852" ind1=" " ind2=" ">
            <marc:subfield code="a">九大筑(FA022084)</marc:subfield>
            <marc:subfield code="k">493.18/Mu 43</marc:subfield>
            <marc:subfield code="m">NDC</marc:subfield>
            <marc:subfield code="b">Chikushi</marc:subfield>
            <marc:subfield code="c">***遡及</marc:subfield>
            <marc:subfield code="x">Library</marc:subfield>
            <marc:subfield code="j">筑紫図書館 参考図書</marc:subfield>
            <marc:subfield code="g">CHIKUSHI LIBRARY</marc:subfield>
            <marc:subfield code="p">067112000000252</marc:subfield>
            <marc:subfield code="f">4890132708</marc:subfield>
            <marc:subfield code="6">2006-08-21</marc:subfield>
            <marc:subfield code="i">OT000050</marc:subfield>
          </marc:datafield>
          <marc:datafield tag="880" ind1="1" ind2=" ">
            <marc:subfield code="6">100-01/$1</marc:subfield>
            <marc:subfield code="a">ムラカミ, モトノブ</marc:subfield>
          </marc:datafield>
          <marc:datafield tag="880" ind1="1" ind2="0">
            <marc:subfield code="6">245-02/$1</marc:subfield>
            <marc:subfield code="a">ロウネンガク ダイジテン</marc:subfield>
          </marc:datafield>
          <marc:datafield tag="880" ind1=" " ind2="7">
            <marc:subfield code="6">650-03/$1</marc:subfield>
            <marc:subfield code="a">ロウジンイガク -- ベンラン</marc:subfield>
          </marc:datafield>
          <marc:datafield tag="880" ind1=" " ind2="7">
            <marc:subfield code="6">650-04/$1</marc:subfield>
            <marc:subfield code="a">ロウジンビョウ</marc:subfield>
          </marc:datafield>
        </marc:record>
      </metadata>
    </record>