
    <record>
      <header>
        <identifier>oai:carli.illinois.edu:CARLIVoyager2/566</identifier>
        <datestamp>2011-10-21T18:55:54Z</datestamp>
        <setSpec>bib</setSpec>
      </header>
      <metadata>
        <marc:record xmlns:marc="http://www.loc.gov/MARC21/slim" xmlns:xsi="http://www.w3.org/2001/XMLSchema-instance" xsi:schemaLocation="http://www.loc.gov/MARC21/slim http://xc.ilcso.uiuc.edu:8080/OAIToolkit2/schema/MARC21slim_custom.xsd">
          <marc:leader>03713nam a2200565zi 4500</marc:leader>
          <marc:controlfield tag="001">BA36429367</marc:controlfield>
          <marc:controlfield tag="003">NII</marc:controlfield>
          <marc:controlfield tag="005">20110909134318.0</marc:controlfield>
          <marc:controlfield tag="007">ta </marc:controlfield>
          <marc:controlfield tag="008">090918s1998    ja ||||||b||||||||||jpn|d</marc:controlfield>
          <marc:datafield tag="016" ind1="7" ind2=" ">
            <marc:subfield code="a">BA36429367</marc:subfield>
            <marc:subfield code="2">JP-ToKJK</marc:subfield>
          </marc:datafield>
          <marc:datafield tag="040" ind1=" " ind2=" ">
            <marc:subfield code="a">NII</marc:subfield>
          </marc:datafield>
          <marc:datafield tag="041" ind1="0" ind2=" ">
            <marc:subfield code="a">jpn</marc:subfield>
            <marc:subfield code="a">eng</marc:subfield>
          </marc:datafield>
          <marc:datafield tag="044" ind1=" " ind2=" ">
            <marc:subfield code="a">ja</marc:subfield>
            <marc:subfield code="5">NII</marc:subfield>
          </marc:datafield>
          <marc:datafield tag="100" ind1="1" ind2=" ">
            <marc:subfield code="6">880-01</marc:subfield>
            <marc:subfield code="a">京都大学数理解析研究所</marc:subfield>
            <marc:subfield code="0">(NII)DA00277933</marc:subfield>
          </marc:datafield>
          <marc:datafield tag="245" ind1="1" ind2="0">
            <marc:subfield code="a">渦度場のダイナミックスと乱流の数理</marc:subfield>
            <marc:subfield code="6">880-02</marc:subfield>
          </marc:datafield>
          <marc:datafield tag="260" ind1=" " ind2=" ">
            <marc:subfield code="a">京都</marc:subfield>
            <marc:subfield code="b">京都大学数理解析研究所</marc:subfield>
            <marc:subfield code="c">1998.6</marc:subfield>
          </marc:datafield>
          <marc:datafield tag="300" ind1=" " ind2=" ">
            <marc:subfield code="a">iii, 243p</marc:subfield>
            <marc:subfield code="c">26cm</marc:subfield>
          </marc:datafield>
          <marc:datafield tag="490" ind1="0" ind2=" ">
            <marc:subfield code="6">880-03</marc:subfield>
            <marc:subfield code="a">数理解析研究所講究録</marc:subfield>
            <marc:subfield code="3">BN06637050</marc:subfield>
            <marc:subfield code="v">1051</marc:subfield>
          </marc:datafield>
          <marc:datafield tag="500" ind1=" " ind2=" ">
            <marc:subfield code="a">「渦度場のダイナミックスと乱流の数理」研究集会報告集, 1998年1月19日-1月21日, 研究代表者: 細川巖</marc:subfield>
          </marc:datafield>
          <marc:datafield tag="505" ind1="0" ind2="0">
            <marc:subfield code="t">回転球面上における減衰性2次元乱流の非線形発展</marc:subfield>
            <marc:subfield code="r">崎恵典, 杉原裕司, 本地弘之</marc:subfield>
          </marc:datafield>
          <marc:datafield tag="505" ind1="0" ind2="0">
            <marc:subfield code="t">2次元乱流系における秩序構造形成と動的スケーリング則</marc:subfield>
            <marc:subfield code="r">渡邊威, 岩山隆寛, 藤坂博一, 岡本壽夫</marc:subfield>
          </marc:datafield>
          <marc:datafield tag="505" ind1="0" ind2="0">
            <marc:subfield code="t">渦度のClebsch変数表示による減衰乱流の理論</marc:subfield>
            <marc:subfield code="r">吉田恭</marc:subfield>
          </marc:datafield>
          <marc:datafield tag="505" ind1="0" ind2="0">
            <marc:subfield code="t">一様乱流における速度の交差独立性と速度分布</marc:subfield>
            <marc:subfield code="r">巽友正</marc:subfield>
          </marc:datafield>
          <marc:datafield tag="505" ind1="0" ind2="0">
            <marc:subfield code="t">分子気体論による圧縮性乱流の計算</marc:subfield>
            <marc:subfield code="r">桜井明, 高山文雄</marc:subfield>
          </marc:datafield>
          <marc:datafield tag="505" ind1="0" ind2="0">
            <marc:subfield code="t">測地線定式化とEuler方程式の多重解像度近似</marc:subfield>
            <marc:subfield code="r">荒木圭典, 鈴木勝博</marc:subfield>
          </marc:datafield>
          <marc:datafield tag="505" ind1="0" ind2="0">
            <marc:subfield code="t">直接相互作用近似の成立条件および Reynolds 数逆展開との関係</marc:subfield>
            <marc:subfield code="r">後藤晋, 木田重雄</marc:subfield>
          </marc:datafield>
          <marc:datafield tag="505" ind1="0" ind2="0">
            <marc:subfield code="t">乱流中の渦度とパッシブベクターの伸長過程について</marc:subfield>
            <marc:subfield code="r">大木谷耕司</marc:subfield>
          </marc:datafield>
          <marc:datafield tag="505" ind1="0" ind2="0">
            <marc:subfield code="t">非粘性乱流場における微細渦構造</marc:subfield>
            <marc:subfield code="r">跡部隆</marc:subfield>
          </marc:datafield>
          <marc:datafield tag="505" ind1="0" ind2="0">
            <marc:subfield code="t">一様乱流中の低圧力旋回渦のダイナミックス</marc:subfield>
            <marc:subfield code="r">三浦英昭, 木田重雄</marc:subfield>
          </marc:datafield>
          <marc:datafield tag="505" ind1="0" ind2="0">
            <marc:subfield code="t">Spherical Shell Model の統計的性質</marc:subfield>
            <marc:subfield code="r">小林之彦, 後藤俊幸</marc:subfield>
          </marc:datafield>
          <marc:datafield tag="505" ind1="0" ind2="0">
            <marc:subfield code="t">自由対流における特性時間</marc:subfield>
            <marc:subfield code="r">飯間信, 藤定義</marc:subfield>
          </marc:datafield>
          <marc:datafield tag="505" ind1="0" ind2="0">
            <marc:subfield code="t">乱流における条件付平均と確率密度分布</marc:subfield>
            <marc:subfield code="r">中野徹, 高橋直也 神部勉 後藤俊幸, 山本稀義</marc:subfield>
          </marc:datafield>
          <marc:datafield tag="505" ind1="0" ind2="0">
            <marc:subfield code="t">パッシブスカラーの相似変数とジョイントマルチ フラクタル</marc:subfield>
            <marc:subfield code="r">生出伸一, 細川巌, 山本稀義</marc:subfield>
          </marc:datafield>
          <marc:datafield tag="505" ind1="0" ind2="0">
            <marc:subfield code="t">ストレイン渦のランダムな分布が与える統計法則</marc:subfield>
            <marc:subfield code="r">畠山望, 神部勉</marc:subfield>
          </marc:datafield>
          <marc:datafield tag="505" ind1="0" ind2="0">
            <marc:subfield code="t">Kolmogorov(1962) 理論の拡張</marc:subfield>
            <marc:subfield code="r">細川巌</marc:subfield>
          </marc:datafield>
          <marc:datafield tag="505" ind1="0" ind2="0">
            <marc:subfield code="t">Chaotic motion of fluid particles around a Rotating Elliptic Vortex</marc:subfield>
            <marc:subfield code="r">Akihiko Kawakami,Mitsuaki Funakoshi</marc:subfield>
          </marc:datafield>
          <marc:datafield tag="505" ind1="0" ind2="0">
            <marc:subfield code="t">準周期性渦度分布の不安定性と遷移</marc:subfield>
            <marc:subfield code="r">村上洋一, 福田浩明</marc:subfield>
          </marc:datafield>
          <marc:datafield tag="505" ind1="0" ind2="0">
            <marc:subfield code="t">渦輪の構造と不安定性</marc:subfield>
            <marc:subfield code="r">田中誠一, 後藤俊幸</marc:subfield>
          </marc:datafield>
          <marc:datafield tag="505" ind1="0" ind2="0">
            <marc:subfield code="t">矩形管内流れの安定性と乱流への遷移</marc:subfield>
            <marc:subfield code="r">足立高弘, 水島二郎</marc:subfield>
          </marc:datafield>
          <marc:datafield tag="505" ind1="0" ind2="0">
            <marc:subfield code="t">三次元境界層の不安定に対する非平行性の影響</marc:subfield>
            <marc:subfield code="r">伊藤信毅</marc:subfield>
          </marc:datafield>
          <marc:datafield tag="505" ind1="0" ind2="0">
            <marc:subfield code="t">秩序構造とsubgrid-scaleエネルギー生成機構の相関</marc:subfield>
            <marc:subfield code="r">堀内潔</marc:subfield>
          </marc:datafield>
          <marc:datafield tag="505" ind1="0" ind2="0">
            <marc:subfield code="t">自由表面乱流場における渦構造と自由表面との相互干渉</marc:subfield>
            <marc:subfield code="r">永翁龍一</marc:subfield>
          </marc:datafield>
          <marc:datafield tag="740" ind1="0" ind2=" ">
            <marc:subfield code="a">渦度場のダイナミックスと乱流の数理</marc:subfield>
          </marc:datafield>
          <marc:datafield tag="830" ind1=" " ind2=" ">
            <marc:subfield code="w">BN06637050</marc:subfield>
          </marc:datafield>
          <marc:datafield tag="852" ind1=" " ind2=" ">
            <marc:subfield code="a">九大理系(FA02289X)</marc:subfield>
            <marc:subfield code="k">逐次刊行物</marc:subfield>
            <marc:subfield code="m">OTHER</marc:subfield>
            <marc:subfield code="b">Ito</marc:subfield>
            <marc:subfield code="x">Library</marc:subfield>
            <marc:subfield code="j">伊都理系　自動書庫</marc:subfield>
            <marc:subfield code="g">Ito Library ASRS</marc:subfield>
            <marc:subfield code="p">023112008501313</marc:subfield>
            <marc:subfield code="6">2009-09-02</marc:subfield>
            <marc:subfield code="i">OP900000</marc:subfield>
          </marc:datafield>
          <marc:datafield tag="880" ind1="1" ind2=" ">
            <marc:subfield code="6">100-01/$1</marc:subfield>
            <marc:subfield code="a">キョウト ダイガク スウリ カイセキ ケンキュウショ</marc:subfield>
          </marc:datafield>
          <marc:datafield tag="880" ind1="1" ind2="0">
            <marc:subfield code="6">245-02/$1</marc:subfield>
            <marc:subfield code="a">ウズドバ ノ ダイナミックス ト ランリュウ ノ スウリ</marc:subfield>
          </marc:datafield>
          <marc:datafield tag="880" ind1="0" ind2=" ">
            <marc:subfield code="6">490-03/$1</marc:subfield>
            <marc:subfield code="a">スウリ カイセキ ケンキュウショ コウキュウロク</marc:subfield>
          </marc:datafield>
        </marc:record>
      </metadata>
    </record>