
    <record>
      <header>
        <identifier>oai:carli.illinois.edu:CARLIVoyager2/609</identifier>
        <datestamp>2011-10-21T18:55:54Z</datestamp>
        <setSpec>bib</setSpec>
      </header>
      <metadata>
        <marc:record xmlns:marc="http://www.loc.gov/MARC21/slim" xmlns:xsi="http://www.w3.org/2001/XMLSchema-instance" xsi:schemaLocation="http://www.loc.gov/MARC21/slim http://xc.ilcso.uiuc.edu:8080/OAIToolkit2/schema/MARC21slim_custom.xsd">
          <marc:leader>01888nam a2200481zi 4500</marc:leader>
          <marc:controlfield tag="001">BA40660111</marc:controlfield>
          <marc:controlfield tag="003">NII</marc:controlfield>
          <marc:controlfield tag="005">20110909134329.0</marc:controlfield>
          <marc:controlfield tag="007">ta </marc:controlfield>
          <marc:controlfield tag="008">090916s1998    ja ||||||b||||||||||jpn|d</marc:controlfield>
          <marc:datafield tag="016" ind1="7" ind2=" ">
            <marc:subfield code="a">BA40660111</marc:subfield>
            <marc:subfield code="2">JP-ToKJK</marc:subfield>
          </marc:datafield>
          <marc:datafield tag="020" ind1=" " ind2=" ">
            <marc:subfield code="a">4763098322</marc:subfield>
            <marc:subfield code="c">1700円</marc:subfield>
          </marc:datafield>
          <marc:datafield tag="040" ind1=" " ind2=" ">
            <marc:subfield code="a">NII</marc:subfield>
          </marc:datafield>
          <marc:datafield tag="041" ind1="0" ind2=" ">
            <marc:subfield code="a">jpn</marc:subfield>
          </marc:datafield>
          <marc:datafield tag="044" ind1=" " ind2=" ">
            <marc:subfield code="a">ja</marc:subfield>
            <marc:subfield code="5">NII</marc:subfield>
          </marc:datafield>
          <marc:datafield tag="084" ind1=" " ind2=" ">
            <marc:subfield code="a">723.346</marc:subfield>
            <marc:subfield code="2">NDC8</marc:subfield>
          </marc:datafield>
          <marc:datafield tag="084" ind1=" " ind2=" ">
            <marc:subfield code="a">723.346</marc:subfield>
            <marc:subfield code="2">NDC9</marc:subfield>
          </marc:datafield>
          <marc:datafield tag="100" ind1="1" ind2=" ">
            <marc:subfield code="a">Klimt, Gustav, 1862-1918</marc:subfield>
            <marc:subfield code="0">(NII)DA01641099</marc:subfield>
          </marc:datafield>
          <marc:datafield tag="100" ind1="1" ind2=" ">
            <marc:subfield code="a">Brandstätter, Christian, 1943-</marc:subfield>
            <marc:subfield code="0">(NII)DA02078144</marc:subfield>
          </marc:datafield>
          <marc:datafield tag="100" ind1="1" ind2=" ">
            <marc:subfield code="6">880-01</marc:subfield>
            <marc:subfield code="a">嘉門, 安雄(1913-)</marc:subfield>
            <marc:subfield code="0">(NII)DA00806091</marc:subfield>
          </marc:datafield>
          <marc:datafield tag="100" ind1="1" ind2=" ">
            <marc:subfield code="6">880-02</marc:subfield>
            <marc:subfield code="a">村上, 能成</marc:subfield>
          </marc:datafield>
          <marc:datafield tag="245" ind1="1" ind2="0">
            <marc:subfield code="a">クリムトとモード</marc:subfield>
            <marc:subfield code="c">クリムト[画]</marc:subfield>
            <marc:subfield code="6">880-03</marc:subfield>
          </marc:datafield>
          <marc:datafield tag="246" ind1="3" ind2="8">
            <marc:subfield code="a">Klimt &amp; la mode</marc:subfield>
          </marc:datafield>
          <marc:datafield tag="260" ind1=" " ind2=" ">
            <marc:subfield code="a">東京</marc:subfield>
            <marc:subfield code="b">求竜堂</marc:subfield>
            <marc:subfield code="c">1998.11</marc:subfield>
          </marc:datafield>
          <marc:datafield tag="300" ind1=" " ind2=" ">
            <marc:subfield code="a">79p</marc:subfield>
            <marc:subfield code="c">23cm</marc:subfield>
          </marc:datafield>
          <marc:datafield tag="490" ind1="0" ind2=" ">
            <marc:subfield code="6">880-04</marc:subfield>
            <marc:subfield code="a">美の再発見シリーズ</marc:subfield>
            <marc:subfield code="3">BA32295702</marc:subfield>
          </marc:datafield>
          <marc:datafield tag="500" ind1=" " ind2=" ">
            <marc:subfield code="a">日本語版監修: 嘉門安雄</marc:subfield>
          </marc:datafield>
          <marc:datafield tag="500" ind1=" " ind2=" ">
            <marc:subfield code="a">背・表紙の書名: Klimt &amp; la mode</marc:subfield>
          </marc:datafield>
          <marc:datafield tag="500" ind1=" " ind2=" ">
            <marc:subfield code="a">解説: クリスティアン・ブラントシュテッター</marc:subfield>
          </marc:datafield>
          <marc:datafield tag="500" ind1=" " ind2=" ">
            <marc:subfield code="a">グスタフ・クリムト年譜: p73〜74</marc:subfield>
          </marc:datafield>
          <marc:datafield tag="500" ind1=" " ind2=" ">
            <marc:subfield code="a">翻訳: 村上能成</marc:subfield>
          </marc:datafield>
          <marc:datafield tag="650" ind1=" " ind2="7">
            <marc:subfield code="a">Klimt,Gustav.</marc:subfield>
            <marc:subfield code="2">BSH</marc:subfield>
          </marc:datafield>
          <marc:datafield tag="650" ind1=" " ind2="7">
            <marc:subfield code="6">880-05</marc:subfield>
            <marc:subfield code="a">ファッション</marc:subfield>
            <marc:subfield code="2">BSH</marc:subfield>
          </marc:datafield>
          <marc:datafield tag="740" ind1="0" ind2=" ">
            <marc:subfield code="a">クリムトとモード</marc:subfield>
          </marc:datafield>
          <marc:datafield tag="830" ind1=" " ind2=" ">
            <marc:subfield code="w">BA32295702</marc:subfield>
          </marc:datafield>
          <marc:datafield tag="852" ind1=" " ind2=" ">
            <marc:subfield code="a">九大芸(FA003476)</marc:subfield>
            <marc:subfield code="k">723.34/Kl6</marc:subfield>
            <marc:subfield code="m">OTHER</marc:subfield>
            <marc:subfield code="b">Design</marc:subfield>
            <marc:subfield code="x">Research room</marc:subfield>
            <marc:subfield code="j">芸工 研究室</marc:subfield>
            <marc:subfield code="g">DESIGN LIBRARY</marc:subfield>
            <marc:subfield code="p">072031100017088</marc:subfield>
            <marc:subfield code="f">4763098322</marc:subfield>
            <marc:subfield code="6">2000-11-13</marc:subfield>
            <marc:subfield code="i">LA401003</marc:subfield>
          </marc:datafield>
          <marc:datafield tag="852" ind1=" " ind2=" ">
            <marc:subfield code="a">九大芸(FA003476)</marc:subfield>
            <marc:subfield code="k">723.34/Kl6/a</marc:subfield>
            <marc:subfield code="m">OTHER</marc:subfield>
            <marc:subfield code="b">Design</marc:subfield>
            <marc:subfield code="x">Library</marc:subfield>
            <marc:subfield code="j">芸工2階</marc:subfield>
            <marc:subfield code="g">DESIGN LIBRARY</marc:subfield>
            <marc:subfield code="p">072031100017506</marc:subfield>
            <marc:subfield code="f">4763098322</marc:subfield>
            <marc:subfield code="6">2000-11-22</marc:subfield>
            <marc:subfield code="i">OS000021</marc:subfield>
          </marc:datafield>
          <marc:datafield tag="880" ind1="1" ind2=" ">
            <marc:subfield code="6">100-01/$1</marc:subfield>
            <marc:subfield code="a">カモン, ヤスオ</marc:subfield>
          </marc:datafield>
          <marc:datafield tag="880" ind1="1" ind2=" ">
            <marc:subfield code="6">100-02/$1</marc:subfield>
            <marc:subfield code="a">ムラカミ, ヨシシゲ</marc:subfield>
          </marc:datafield>
          <marc:datafield tag="880" ind1="1" ind2="0">
            <marc:subfield code="6">245-03/$1</marc:subfield>
            <marc:subfield code="a">クリムト ト モード</marc:subfield>
          </marc:datafield>
          <marc:datafield tag="880" ind1="0" ind2=" ">
            <marc:subfield code="6">490-04/$1</marc:subfield>
            <marc:subfield code="a">ビ ノ サイハッケン シリーズ</marc:subfield>
          </marc:datafield>
          <marc:datafield tag="880" ind1=" " ind2="7">
            <marc:subfield code="6">650-05/$1</marc:subfield>
            <marc:subfield code="a">ファッション</marc:subfield>
          </marc:datafield>
        </marc:record>
      </metadata>
    </record>