
    <record>
      <header>
        <identifier>oai:carli.illinois.edu:CARLIVoyager2/648</identifier>
        <datestamp>2011-10-21T18:55:54Z</datestamp>
        <setSpec>bib</setSpec>
      </header>
      <metadata>
        <marc:record xmlns:marc="http://www.loc.gov/MARC21/slim" xmlns:xsi="http://www.w3.org/2001/XMLSchema-instance" xsi:schemaLocation="http://www.loc.gov/MARC21/slim http://xc.ilcso.uiuc.edu:8080/OAIToolkit2/schema/MARC21slim_custom.xsd">
          <marc:leader>04724nam a2200757zi 4500</marc:leader>
          <marc:controlfield tag="001">BA43458988</marc:controlfield>
          <marc:controlfield tag="003">NII</marc:controlfield>
          <marc:controlfield tag="005">20110909134338.0</marc:controlfield>
          <marc:controlfield tag="007">ta </marc:controlfield>
          <marc:controlfield tag="008">090915s1999    ja ||||||b||||||||||jpn|d</marc:controlfield>
          <marc:datafield tag="016" ind1="7" ind2=" ">
            <marc:subfield code="a">BA43458988</marc:subfield>
            <marc:subfield code="2">JP-ToKJK</marc:subfield>
          </marc:datafield>
          <marc:datafield tag="020" ind1=" " ind2=" ">
            <marc:subfield code="a">4625421179</marc:subfield>
            <marc:subfield code="c">18000円</marc:subfield>
          </marc:datafield>
          <marc:datafield tag="040" ind1=" " ind2=" ">
            <marc:subfield code="a">NII</marc:subfield>
          </marc:datafield>
          <marc:datafield tag="041" ind1="0" ind2=" ">
            <marc:subfield code="a">jpn</marc:subfield>
          </marc:datafield>
          <marc:datafield tag="044" ind1=" " ind2=" ">
            <marc:subfield code="a">ja</marc:subfield>
            <marc:subfield code="5">NII</marc:subfield>
          </marc:datafield>
          <marc:datafield tag="084" ind1=" " ind2=" ">
            <marc:subfield code="a">810.4</marc:subfield>
            <marc:subfield code="2">NDC8</marc:subfield>
          </marc:datafield>
          <marc:datafield tag="084" ind1=" " ind2=" ">
            <marc:subfield code="a">810.4</marc:subfield>
            <marc:subfield code="2">NDC9</marc:subfield>
          </marc:datafield>
          <marc:datafield tag="084" ind1=" " ind2=" ">
            <marc:subfield code="a">814</marc:subfield>
            <marc:subfield code="2">NDC9</marc:subfield>
          </marc:datafield>
          <marc:datafield tag="100" ind1="1" ind2=" ">
            <marc:subfield code="6">880-01</marc:subfield>
            <marc:subfield code="a">佐藤, 武義(1935-)</marc:subfield>
            <marc:subfield code="0">(NII)DA0033048X</marc:subfield>
          </marc:datafield>
          <marc:datafield tag="245" ind1="1" ind2="0">
            <marc:subfield code="a">語彙・語法の新研究</marc:subfield>
            <marc:subfield code="c">佐藤武義編</marc:subfield>
            <marc:subfield code="6">880-02</marc:subfield>
          </marc:datafield>
          <marc:datafield tag="246" ind1="3" ind2="3">
            <marc:subfield code="6">880-03</marc:subfield>
            <marc:subfield code="a">語彙語法の新研究</marc:subfield>
          </marc:datafield>
          <marc:datafield tag="260" ind1=" " ind2=" ">
            <marc:subfield code="a">東京</marc:subfield>
            <marc:subfield code="b">明治書院</marc:subfield>
            <marc:subfield code="c">1999.9</marc:subfield>
          </marc:datafield>
          <marc:datafield tag="300" ind1=" " ind2=" ">
            <marc:subfield code="a">438p</marc:subfield>
            <marc:subfield code="b">挿図</marc:subfield>
            <marc:subfield code="c">22cm</marc:subfield>
          </marc:datafield>
          <marc:datafield tag="500" ind1=" " ind2=" ">
            <marc:subfield code="a">文献あり</marc:subfield>
          </marc:datafield>
          <marc:datafield tag="505" ind1="0" ind2="0">
            <marc:subfield code="t">古代日本語における古い語彙と新しい語彙の比較研究の可能性</marc:subfield>
            <marc:subfield code="r">安部清哉 [著]</marc:subfield>
          </marc:datafield>
          <marc:datafield tag="505" ind1="0" ind2="0">
            <marc:subfield code="t">蜻蛉日記における文脈依存の暦日について</marc:subfield>
            <marc:subfield code="r">室井努 [著]</marc:subfield>
          </marc:datafield>
          <marc:datafield tag="505" ind1="0" ind2="0">
            <marc:subfield code="t">源氏物語のウレシとカナシ : 情意形容詞の統語情報の整理</marc:subfield>
            <marc:subfield code="r">田中牧郎 [著]</marc:subfield>
          </marc:datafield>
          <marc:datafield tag="505" ind1="0" ind2="0">
            <marc:subfield code="t">平安和文以降のト型副詞について</marc:subfield>
            <marc:subfield code="r">漆谷広樹 [著]</marc:subfield>
          </marc:datafield>
          <marc:datafield tag="505" ind1="0" ind2="0">
            <marc:subfield code="t">神田本白氏文集における付訓の記載位置について</marc:subfield>
            <marc:subfield code="r">柴田雅生 [著]</marc:subfield>
          </marc:datafield>
          <marc:datafield tag="505" ind1="0" ind2="0">
            <marc:subfield code="t">「小右記」「御堂関白記」における接頭語「相(アイ)」 : 記録体資料における接頭語「相(アイ)」(1)</marc:subfield>
            <marc:subfield code="r">後藤英次 [著]</marc:subfield>
          </marc:datafield>
          <marc:datafield tag="505" ind1="0" ind2="0">
            <marc:subfield code="t">土井本太平記における「接頭語ウチ+動詞」の意味</marc:subfield>
            <marc:subfield code="r">近藤明 [著]</marc:subfield>
          </marc:datafield>
          <marc:datafield tag="505" ind1="0" ind2="0">
            <marc:subfield code="t">「蒙求抄」の二部構造を利用した敬語概観</marc:subfield>
            <marc:subfield code="r">鎌田真俊 [著]</marc:subfield>
          </marc:datafield>
          <marc:datafield tag="505" ind1="0" ind2="0">
            <marc:subfield code="t">意志推量の助動詞の用法から見た近松世話浄瑠璃の文体</marc:subfield>
            <marc:subfield code="r">矢島正浩 [著]</marc:subfield>
          </marc:datafield>
          <marc:datafield tag="505" ind1="0" ind2="0">
            <marc:subfield code="t">芭蕉発句における格助詞ガ・ノの用法</marc:subfield>
            <marc:subfield code="r">神戸和昭 [著]</marc:subfield>
          </marc:datafield>
          <marc:datafield tag="505" ind1="0" ind2="0">
            <marc:subfield code="t">国語学から見た「訓訳示蒙」と「訳文筌蹄」</marc:subfield>
            <marc:subfield code="r">村上雅孝 [著]</marc:subfield>
          </marc:datafield>
          <marc:datafield tag="505" ind1="0" ind2="0">
            <marc:subfield code="t">近藤清春画作狂歌絵本の東国語的文法特徴</marc:subfield>
            <marc:subfield code="r">佐藤貴裕 [著]</marc:subfield>
          </marc:datafield>
          <marc:datafield tag="505" ind1="0" ind2="0">
            <marc:subfield code="t">「和英語林集成」初版「和英」「英和」両部における語形のゆれ : 清濁の母音の長短について</marc:subfield>
            <marc:subfield code="r">菊池悟 [著]</marc:subfield>
          </marc:datafield>
          <marc:datafield tag="505" ind1="0" ind2="0">
            <marc:subfield code="t">「一読三歎当世書生気質」に現われる語について : 「日本国語大辞典」の用例の問題なども見ながら</marc:subfield>
            <marc:subfield code="r">増井典夫 [著]</marc:subfield>
          </marc:datafield>
          <marc:datafield tag="505" ind1="0" ind2="0">
            <marc:subfield code="t">「雄馬」の語史 : コマの歴史的位置を中心に</marc:subfield>
            <marc:subfield code="r">小林隆 [著]</marc:subfield>
          </marc:datafield>
          <marc:datafield tag="505" ind1="0" ind2="0">
            <marc:subfield code="t">「居直る」の語史</marc:subfield>
            <marc:subfield code="r">小野正弘 [著]</marc:subfield>
          </marc:datafield>
          <marc:datafield tag="505" ind1="0" ind2="0">
            <marc:subfield code="t">感動詞の写すもの</marc:subfield>
            <marc:subfield code="r">佐藤稔 [著]</marc:subfield>
          </marc:datafield>
          <marc:datafield tag="505" ind1="0" ind2="0">
            <marc:subfield code="t">歌語「風立つ」考</marc:subfield>
            <marc:subfield code="r">佐藤武義 [著]</marc:subfield>
          </marc:datafield>
          <marc:datafield tag="505" ind1="0" ind2="0">
            <marc:subfield code="t">リギンズ日本語会話書の標準日本語</marc:subfield>
            <marc:subfield code="r">金子弘 [著]</marc:subfield>
          </marc:datafield>
          <marc:datafield tag="505" ind1="0" ind2="0">
            <marc:subfield code="t">九州における一・二段活用の五段化 : 「口語法」からGAJへ</marc:subfield>
            <marc:subfield code="r">彦坂佳宣 [著]</marc:subfield>
          </marc:datafield>
          <marc:datafield tag="505" ind1="0" ind2="0">
            <marc:subfield code="t">置賜方言からみたフベン(不弁)の分布と歴史</marc:subfield>
            <marc:subfield code="r">遠藤仁 [著]</marc:subfield>
          </marc:datafield>
          <marc:datafield tag="505" ind1="0" ind2="0">
            <marc:subfield code="t">青森市方言の順接仮定条件表現の形式と用法の整理 : 録音文字化資料を用いた方言文法記述の試み</marc:subfield>
            <marc:subfield code="r">三井はるみ [著]</marc:subfield>
          </marc:datafield>
          <marc:datafield tag="505" ind1="0" ind2="0">
            <marc:subfield code="t">新しい方言の価値 : 1990年代</marc:subfield>
            <marc:subfield code="r">佐藤和之 [著]</marc:subfield>
          </marc:datafield>
          <marc:datafield tag="505" ind1="0" ind2="0">
            <marc:subfield code="t">方言比喩語の動機付けの傾向 : 馬鈴薯・どくだみ・すみれ・春蘭を例として</marc:subfield>
            <marc:subfield code="r">半沢幹一 [著]</marc:subfield>
          </marc:datafield>
          <marc:datafield tag="505" ind1="0" ind2="0">
            <marc:subfield code="t">「のうてんき」の意味・表記について</marc:subfield>
            <marc:subfield code="r">新野直哉 [著]</marc:subfield>
          </marc:datafield>
          <marc:datafield tag="505" ind1="0" ind2="0">
            <marc:subfield code="t">尊敬と侮蔑の「形容詞」</marc:subfield>
            <marc:subfield code="r">浅田秀子 [著]</marc:subfield>
          </marc:datafield>
          <marc:datafield tag="505" ind1="0" ind2="0">
            <marc:subfield code="t">阪倉篤義の「語構成論」</marc:subfield>
            <marc:subfield code="r">石井正彦 [著]</marc:subfield>
          </marc:datafield>
          <marc:datafield tag="505" ind1="0" ind2="0">
            <marc:subfield code="t">語構成要素の多義性と語の多義性(2)</marc:subfield>
            <marc:subfield code="r">斎藤倫明 [著]</marc:subfield>
          </marc:datafield>
          <marc:datafield tag="505" ind1="0" ind2="0">
            <marc:subfield code="t">「モダリティ」とは何もの? : いわゆる表現類型に関わるモダリティをめぐって</marc:subfield>
            <marc:subfield code="r">大木一夫 [著]</marc:subfield>
          </marc:datafield>
          <marc:datafield tag="505" ind1="0" ind2="0">
            <marc:subfield code="t">「ような(みたいな)ものだ」「というものだ」の表現構造 : 「形式」「実質」峻別への疑問、再論</marc:subfield>
            <marc:subfield code="r">揚妻祐樹 [著]</marc:subfield>
          </marc:datafield>
          <marc:datafield tag="650" ind1=" " ind2="7">
            <marc:subfield code="6">880-04</marc:subfield>
            <marc:subfield code="a">国語学</marc:subfield>
            <marc:subfield code="2">BSH</marc:subfield>
          </marc:datafield>
          <marc:datafield tag="650" ind1=" " ind2="7">
            <marc:subfield code="6">880-05</marc:subfield>
            <marc:subfield code="a">日本語 -- 語彙 -- 論文集</marc:subfield>
            <marc:subfield code="2">NDLSH</marc:subfield>
          </marc:datafield>
          <marc:datafield tag="650" ind1=" " ind2="7">
            <marc:subfield code="6">880-06</marc:subfield>
            <marc:subfield code="a">日本語 -- 文法 -- 論文集</marc:subfield>
            <marc:subfield code="2">NDLSH</marc:subfield>
          </marc:datafield>
          <marc:datafield tag="740" ind1="0" ind2=" ">
            <marc:subfield code="a">語彙・語法の新研究</marc:subfield>
          </marc:datafield>
          <marc:datafield tag="852" ind1=" " ind2=" ">
            <marc:subfield code="a">九大(FA003454)</marc:subfield>
            <marc:subfield code="k">国文/10F/45</marc:subfield>
            <marc:subfield code="m">OTHER</marc:subfield>
            <marc:subfield code="b">Humanities and Social Sciences</marc:subfield>
            <marc:subfield code="x">Library</marc:subfield>
            <marc:subfield code="j">文 国文一</marc:subfield>
            <marc:subfield code="g">LETTERS, Japanese Literature and Language-1</marc:subfield>
            <marc:subfield code="p">005111999031996</marc:subfield>
            <marc:subfield code="f">4625421179</marc:subfield>
            <marc:subfield code="6">2000-03-16</marc:subfield>
            <marc:subfield code="i">AA301100</marc:subfield>
          </marc:datafield>
          <marc:datafield tag="880" ind1="1" ind2=" ">
            <marc:subfield code="6">100-01/$1</marc:subfield>
            <marc:subfield code="a">サトウ, タケヨシ</marc:subfield>
          </marc:datafield>
          <marc:datafield tag="880" ind1="1" ind2="0">
            <marc:subfield code="6">245-02/$1</marc:subfield>
            <marc:subfield code="a">ゴイ ゴホウ ノ シンケンキュウ</marc:subfield>
          </marc:datafield>
          <marc:datafield tag="880" ind1="3" ind2="3">
            <marc:subfield code="6">246-03/$1</marc:subfield>
            <marc:subfield code="a">ゴイ ゴホウ ノ シンケンキュウ</marc:subfield>
          </marc:datafield>
          <marc:datafield tag="880" ind1=" " ind2="7">
            <marc:subfield code="6">650-04/$1</marc:subfield>
            <marc:subfield code="a">コクゴガク</marc:subfield>
          </marc:datafield>
          <marc:datafield tag="880" ind1=" " ind2="7">
            <marc:subfield code="6">650-05/$1</marc:subfield>
            <marc:subfield code="a">ニホンゴ -- ゴイ -- ロンブンシュウ</marc:subfield>
          </marc:datafield>
          <marc:datafield tag="880" ind1=" " ind2="7">
            <marc:subfield code="6">650-06/$1</marc:subfield>
            <marc:subfield code="a">ニホンゴ -- ブンポウ -- ロンブンシュウ</marc:subfield>
          </marc:datafield>
        </marc:record>
      </metadata>
    </record>