
    <record>
      <header>
        <identifier>oai:carli.illinois.edu:CARLIVoyager2/653</identifier>
        <datestamp>2011-10-21T18:55:54Z</datestamp>
        <setSpec>bib</setSpec>
      </header>
      <metadata>
        <marc:record xmlns:marc="http://www.loc.gov/MARC21/slim" xmlns:xsi="http://www.w3.org/2001/XMLSchema-instance" xsi:schemaLocation="http://www.loc.gov/MARC21/slim http://xc.ilcso.uiuc.edu:8080/OAIToolkit2/schema/MARC21slim_custom.xsd">
          <marc:leader>01627nam a2200409zi 4500</marc:leader>
          <marc:controlfield tag="001">BA43980742</marc:controlfield>
          <marc:controlfield tag="003">NII</marc:controlfield>
          <marc:controlfield tag="005">20110909134339.0</marc:controlfield>
          <marc:controlfield tag="007">ta </marc:controlfield>
          <marc:controlfield tag="008">090915s1999    ja ||||||b||||||||||jpn|d</marc:controlfield>
          <marc:datafield tag="016" ind1="7" ind2=" ">
            <marc:subfield code="a">BA43980742</marc:subfield>
            <marc:subfield code="2">JP-ToKJK</marc:subfield>
          </marc:datafield>
          <marc:datafield tag="020" ind1=" " ind2=" ">
            <marc:subfield code="a">4000264192</marc:subfield>
            <marc:subfield code="c">2000円+税</marc:subfield>
          </marc:datafield>
          <marc:datafield tag="040" ind1=" " ind2=" ">
            <marc:subfield code="a">NII</marc:subfield>
          </marc:datafield>
          <marc:datafield tag="041" ind1="1" ind2=" ">
            <marc:subfield code="a">jpn</marc:subfield>
            <marc:subfield code="h">eng</marc:subfield>
          </marc:datafield>
          <marc:datafield tag="044" ind1=" " ind2=" ">
            <marc:subfield code="a">ja</marc:subfield>
            <marc:subfield code="5">NII</marc:subfield>
          </marc:datafield>
          <marc:datafield tag="084" ind1=" " ind2=" ">
            <marc:subfield code="a">361.6</marc:subfield>
            <marc:subfield code="2">NDC8</marc:subfield>
          </marc:datafield>
          <marc:datafield tag="084" ind1=" " ind2=" ">
            <marc:subfield code="a">361.6</marc:subfield>
            <marc:subfield code="2">NDC9</marc:subfield>
          </marc:datafield>
          <marc:datafield tag="084" ind1=" " ind2=" ">
            <marc:subfield code="a">EC76</marc:subfield>
            <marc:subfield code="2">NDLC</marc:subfield>
          </marc:datafield>
          <marc:datafield tag="100" ind1="1" ind2=" ">
            <marc:subfield code="a">Arrow, Kenneth Joseph, 1921-</marc:subfield>
            <marc:subfield code="0">(NII)DA00113470</marc:subfield>
          </marc:datafield>
          <marc:datafield tag="100" ind1="1" ind2=" ">
            <marc:subfield code="6">880-01</marc:subfield>
            <marc:subfield code="a">村上, 泰亮(1931-)</marc:subfield>
            <marc:subfield code="0">(NII)DA00429248</marc:subfield>
          </marc:datafield>
          <marc:datafield tag="245" ind1="1" ind2="0">
            <marc:subfield code="a">組織の限界</marc:subfield>
            <marc:subfield code="c">ケネス・J.アロー [述] ; 村上泰亮訳</marc:subfield>
            <marc:subfield code="6">880-02</marc:subfield>
          </marc:datafield>
          <marc:datafield tag="246" ind1="3" ind2="3">
            <marc:subfield code="a">The limits of organization</marc:subfield>
          </marc:datafield>
          <marc:datafield tag="260" ind1=" " ind2=" ">
            <marc:subfield code="a">東京</marc:subfield>
            <marc:subfield code="b">岩波書店</marc:subfield>
            <marc:subfield code="c">1999.11</marc:subfield>
          </marc:datafield>
          <marc:datafield tag="300" ind1=" " ind2=" ">
            <marc:subfield code="a">xiv, 114, 8p</marc:subfield>
            <marc:subfield code="c">20cm</marc:subfield>
          </marc:datafield>
          <marc:datafield tag="490" ind1="0" ind2=" ">
            <marc:subfield code="6">880-03</marc:subfield>
            <marc:subfield code="a">岩波モダンクラシックス</marc:subfield>
            <marc:subfield code="3">BA42182316</marc:subfield>
          </marc:datafield>
          <marc:datafield tag="500" ind1=" " ind2=" ">
            <marc:subfield code="a">岩波書店1976年7月刊の再刊</marc:subfield>
          </marc:datafield>
          <marc:datafield tag="500" ind1=" " ind2=" ">
            <marc:subfield code="a">参考文献: p103-105</marc:subfield>
          </marc:datafield>
          <marc:datafield tag="650" ind1=" " ind2="7">
            <marc:subfield code="6">880-04</marc:subfield>
            <marc:subfield code="a">社会組織</marc:subfield>
            <marc:subfield code="2">BSH</marc:subfield>
          </marc:datafield>
          <marc:datafield tag="740" ind1="0" ind2=" ">
            <marc:subfield code="a">組織の限界</marc:subfield>
          </marc:datafield>
          <marc:datafield tag="830" ind1=" " ind2=" ">
            <marc:subfield code="w">BA42182316</marc:subfield>
          </marc:datafield>
          <marc:datafield tag="852" ind1=" " ind2=" ">
            <marc:subfield code="a">九大(FA003454)</marc:subfield>
            <marc:subfield code="k">Zj 50/A/23</marc:subfield>
            <marc:subfield code="m">OTHER</marc:subfield>
            <marc:subfield code="b">Humanities and Social Sciences</marc:subfield>
            <marc:subfield code="x">Library</marc:subfield>
            <marc:subfield code="j">法</marc:subfield>
            <marc:subfield code="g">LAW Library</marc:subfield>
            <marc:subfield code="p">015111999010753</marc:subfield>
            <marc:subfield code="f">4000264192</marc:subfield>
            <marc:subfield code="6">2000-01-24</marc:subfield>
            <marc:subfield code="i">CA000000</marc:subfield>
          </marc:datafield>
          <marc:datafield tag="852" ind1=" " ind2=" ">
            <marc:subfield code="a">九大(FA003454)</marc:subfield>
            <marc:subfield code="k">361.6/A 79/20020443</marc:subfield>
            <marc:subfield code="m">NDC</marc:subfield>
            <marc:subfield code="b">Humanities and Social Sciences</marc:subfield>
            <marc:subfield code="x">Library</marc:subfield>
            <marc:subfield code="j">経 BSコーナー</marc:subfield>
            <marc:subfield code="g">ECONOMICS BS　BOOKS</marc:subfield>
            <marc:subfield code="p">017122002004431</marc:subfield>
            <marc:subfield code="f">4000264192</marc:subfield>
            <marc:subfield code="6">2003-04-02</marc:subfield>
            <marc:subfield code="i">DA000007</marc:subfield>
          </marc:datafield>
          <marc:datafield tag="880" ind1="1" ind2=" ">
            <marc:subfield code="6">100-01/$1</marc:subfield>
            <marc:subfield code="a">ムラカミ, ヤススケ</marc:subfield>
          </marc:datafield>
          <marc:datafield tag="880" ind1="1" ind2="0">
            <marc:subfield code="6">245-02/$1</marc:subfield>
            <marc:subfield code="a">ソシキ ノ ゲンカイ</marc:subfield>
          </marc:datafield>
          <marc:datafield tag="880" ind1="0" ind2=" ">
            <marc:subfield code="6">490-03/$1</marc:subfield>
            <marc:subfield code="a">イワナミ モダン クラシックス</marc:subfield>
          </marc:datafield>
          <marc:datafield tag="880" ind1=" " ind2="7">
            <marc:subfield code="6">650-04/$1</marc:subfield>
            <marc:subfield code="a">シャカイソシキ</marc:subfield>
          </marc:datafield>
        </marc:record>
      </metadata>
    </record>