
    <record>
      <header>
        <identifier>oai:carli.illinois.edu:CARLIVoyager2/657</identifier>
        <datestamp>2011-10-21T18:55:54Z</datestamp>
        <setSpec>bib</setSpec>
      </header>
      <metadata>
        <marc:record xmlns:marc="http://www.loc.gov/MARC21/slim" xmlns:xsi="http://www.w3.org/2001/XMLSchema-instance" xsi:schemaLocation="http://www.loc.gov/MARC21/slim http://xc.ilcso.uiuc.edu:8080/OAIToolkit2/schema/MARC21slim_custom.xsd">
          <marc:leader>17289nam a2201549zi 4500</marc:leader>
          <marc:controlfield tag="001">BA44727327</marc:controlfield>
          <marc:controlfield tag="003">NII</marc:controlfield>
          <marc:controlfield tag="005">20110909134340.0</marc:controlfield>
          <marc:controlfield tag="007">ta </marc:controlfield>
          <marc:controlfield tag="008">090918s1999    ja ||||||b||||||||||jpn|d</marc:controlfield>
          <marc:datafield tag="016" ind1="7" ind2=" ">
            <marc:subfield code="a">BA44727327</marc:subfield>
            <marc:subfield code="2">JP-ToKJK</marc:subfield>
          </marc:datafield>
          <marc:datafield tag="020" ind1=" " ind2=" ">
            <marc:subfield code="a">4887213646(第1巻 : 農家1 : 東北地方)</marc:subfield>
            <marc:subfield code="c">35000円</marc:subfield>
          </marc:datafield>
          <marc:datafield tag="020" ind1=" " ind2=" ">
            <marc:subfield code="a">4887213654(第2巻 : 農家2 : 関東地方)</marc:subfield>
            <marc:subfield code="c">35000円</marc:subfield>
          </marc:datafield>
          <marc:datafield tag="020" ind1=" " ind2=" ">
            <marc:subfield code="a">4887213662(第3巻 : 農家3 : 中部地方1)</marc:subfield>
            <marc:subfield code="c">35000円</marc:subfield>
          </marc:datafield>
          <marc:datafield tag="020" ind1=" " ind2=" ">
            <marc:subfield code="a">4887213670(第4巻 : 農家4 : 中部地方2)</marc:subfield>
            <marc:subfield code="c">35000円</marc:subfield>
          </marc:datafield>
          <marc:datafield tag="020" ind1=" " ind2=" ">
            <marc:subfield code="a">4887213689(第5巻 : 農家5 : 近畿地方1)</marc:subfield>
            <marc:subfield code="c">35000円</marc:subfield>
          </marc:datafield>
          <marc:datafield tag="020" ind1=" " ind2=" ">
            <marc:subfield code="a">4887213697(第6巻 : 農家6 : 近畿地方2)</marc:subfield>
            <marc:subfield code="c">35000円</marc:subfield>
          </marc:datafield>
          <marc:datafield tag="020" ind1=" " ind2=" ">
            <marc:subfield code="a">4887213700(第7巻 : 農家7 : 中国・四国・九州)</marc:subfield>
            <marc:subfield code="c">35000円</marc:subfield>
          </marc:datafield>
          <marc:datafield tag="020" ind1=" " ind2=" ">
            <marc:subfield code="a">4887213719(第8巻 : 町家 宿場 1 : 東日本)</marc:subfield>
            <marc:subfield code="c">35000円</marc:subfield>
          </marc:datafield>
          <marc:datafield tag="020" ind1=" " ind2=" ">
            <marc:subfield code="a">4887214553(第9巻 : 町家 宿場 2 : 西日本1)</marc:subfield>
            <marc:subfield code="c">35000円</marc:subfield>
          </marc:datafield>
          <marc:datafield tag="020" ind1=" " ind2=" ">
            <marc:subfield code="a">4887214561(第10巻 : 町家 宿場 2 : 西日本2)</marc:subfield>
            <marc:subfield code="c">35000円+税</marc:subfield>
          </marc:datafield>
          <marc:datafield tag="020" ind1=" " ind2=" ">
            <marc:subfield code="a">488721457X(第11巻 : 漁家 その他)</marc:subfield>
            <marc:subfield code="c">35000円+税</marc:subfield>
          </marc:datafield>
          <marc:datafield tag="020" ind1=" " ind2=" ">
            <marc:subfield code="a">4887215622(補遺 1 : 農家)</marc:subfield>
            <marc:subfield code="c">35000円+税</marc:subfield>
          </marc:datafield>
          <marc:datafield tag="020" ind1=" " ind2=" ">
            <marc:subfield code="a">4887215630(補遺 2 : 町家)</marc:subfield>
            <marc:subfield code="c">35000円</marc:subfield>
          </marc:datafield>
          <marc:datafield tag="040" ind1=" " ind2=" ">
            <marc:subfield code="a">NII</marc:subfield>
          </marc:datafield>
          <marc:datafield tag="041" ind1="0" ind2=" ">
            <marc:subfield code="a">jpn</marc:subfield>
          </marc:datafield>
          <marc:datafield tag="044" ind1=" " ind2=" ">
            <marc:subfield code="a">ja</marc:subfield>
            <marc:subfield code="5">NII</marc:subfield>
          </marc:datafield>
          <marc:datafield tag="100" ind1="1" ind2=" ">
            <marc:subfield code="6">880-01</marc:subfield>
            <marc:subfield code="a">村上, 訒一</marc:subfield>
          </marc:datafield>
          <marc:datafield tag="245" ind1="1" ind2="0">
            <marc:subfield code="a">日本の民家重要文化財修理報告書集成</marc:subfield>
            <marc:subfield code="c">村上訒一 [ほか] 編</marc:subfield>
            <marc:subfield code="6">880-02</marc:subfield>
          </marc:datafield>
          <marc:datafield tag="260" ind1=" " ind2=" ">
            <marc:subfield code="a">東京</marc:subfield>
            <marc:subfield code="b">東洋書林</marc:subfield>
            <marc:subfield code="c">1999.11-</marc:subfield>
          </marc:datafield>
          <marc:datafield tag="300" ind1=" " ind2=" ">
            <marc:subfield code="a">冊</marc:subfield>
            <marc:subfield code="c">27cm</marc:subfield>
          </marc:datafield>
          <marc:datafield tag="500" ind1=" " ind2=" ">
            <marc:subfield code="a">第11巻の原本: 「重要文化財旧作田家住宅移築修理工事報告書」(神奈川県 昭和46年3月),「重要文化財旧瓜生家住宅保存修理工事報告書」(福井県 昭和50年11月),「重要文化財角屋修理工事報告書」(京都府 昭和46年10月), 「重要文化財林家住宅保存修理工事報告書」(広島県 昭和58年3月), 「重要文化財目加田家住宅修理工事報告書」(山口県 昭和54年3月), 「重要文化財銘苅家住宅修理工事報告書」(沖縄県 昭和54年8月)</marc:subfield>
          </marc:datafield>
          <marc:datafield tag="500" ind1=" " ind2=" ">
            <marc:subfield code="a">第8巻の原本: 「重要文化財石場家住宅保存修理工事報告書」(当主石場清勝 昭和57年3月刊),「重要文化財生方家住宅移築修理工事報告書」(沼田市 昭和48年6月刊),「重要文化財真山家住宅修理工事報告書」(重要文化財真山家住宅修理委員会 昭和52年刊),「重要文化財小坂家住宅修理工事報告書」(重要文化財小坂家住宅保存修理委員会 昭和58年11月刊).</marc:subfield>
          </marc:datafield>
          <marc:datafield tag="500" ind1=" " ind2=" ">
            <marc:subfield code="a">第5巻の原本: 「重要文化財石田家住宅修理工事報告書」(京都府教育委員会 昭和50年刊),「重要文化財伊佐家住宅(主屋)修理工事報告書」(京都府教育委員会 昭和57年刊),「重要文化財旧岡花家住宅移築修理工事報告書」(大本本部建設事務局 昭和49年刊),「重要文化財奥家住宅修理工事報告書」(重要文化財奥家住宅保存修理委員会 昭和46年刊),「重要文化財左近家住宅修理工事報告書 (重要文化財左近家住宅修理委員会 昭和57年刊),「重要文化財中家住宅修理工事報告書」(重要文化財中家住宅修理委員会 昭和43年刊),「重要文化財住宅吉村家修理報告書」(大阪府教育委員會 昭和28年刊),「重要文化財旧宮地家住宅移築修理工事報告書」(滋賀県教育委員会 昭和45年刊)</marc:subfield>
          </marc:datafield>
          <marc:datafield tag="500" ind1=" " ind2=" ">
            <marc:subfield code="a">第10巻の原本: 「重要文化財木幡家住宅保存修理工事報告書」(島根県 昭和53年7月刊),「重要文化財木原家住宅修理工事報告書」(広島県 昭和43年12月刊),「重要文化財後藤家住宅修理工事報告書」(鳥取県 昭和56年6月刊),「重要文化財菊原家住宅修理工事報告書」(山口県 昭和56年3月刊).</marc:subfield>
          </marc:datafield>
          <marc:datafield tag="500" ind1=" " ind2=" ">
            <marc:subfield code="a">第1巻の原本: 「重要文化財旧後藤家住宅修理工事報告書」 (江刺市教育委員会 昭和42年刊). 「重要文化財旧管野家住宅修理工事報告書」 (岩手県北上市 昭和47年刊). 「重要文化財洞口家住宅修理工事報告書」 (洞口京一 昭和58年刊). 「重要文化財鈴木家住宅修理工事報告書」 (重要文化財鈴木家住宅修理委員会 昭和57年刊). 「重要文化財旧有路家住宅修理工事報告書」(最上町 昭和48年刊). 「重要文化財五十嵐家住宅修理工事報告書」 (只見町 昭和49年刊).</marc:subfield>
          </marc:datafield>
          <marc:datafield tag="500" ind1=" " ind2=" ">
            <marc:subfield code="a">補遺2の原本: 「重要文化財江川家住宅修理工事報告書」(静岡県 昭和38年1月),「重要文化財旧杉山家住宅修理工事報告書」(大阪府 昭和62年9月),「重要文化財豊田家住宅修理工事報告書」(奈良県 昭和51年9月),「重要文化財熊谷家住宅(主屋・宝蔵)修理工事報告書(山口県 昭和55年1月)</marc:subfield>
          </marc:datafield>
          <marc:datafield tag="500" ind1=" " ind2=" ">
            <marc:subfield code="a">第2巻の原本: 「重要文化財椎名家住宅修理工事報告書」(重要文化財椎名家修理委員会 昭和46年刊), 「重要文化財中崎家住宅修理工事報告書」 (中崎家住宅修理委員会 昭和50年刊), 「重要文化財茂木家住宅保存修理工事報告書」 (富岡市教育委員会 昭和52年刊), 「重要文化財平山家住宅保存修理工事報告書」 (重要文化財平山家住宅修理委員会 昭和52年刊), 「重要文化財旧尾形家住宅移築修理工事報告書」 (丸山町 昭和47年刊), 「重要文化財旧北村家住宅移築修理工事報告書」 (川崎市 昭和43年刊), 「重要文化財旧羽石家住宅移築修理工事報告書」 (茂木町教育委員会 昭和53年刊).</marc:subfield>
          </marc:datafield>
          <marc:datafield tag="500" ind1=" " ind2=" ">
            <marc:subfield code="a">第7巻の原本: 「重要文化財矢部家住宅修理工事報告書」 (重要文化財矢部家住宅修理委員会 昭和52年3月刊), 「重要文化財堀江家住宅修理工事報告書」(重要文化財堀江家住宅修理委員会 昭和45年9月刊), 「重要文化財前原家住宅修理工事報告書」(重要文化財前原家住宅修理委員会 昭和49年8月刊, 「重要文化財木村家住宅修理工事報告書」(重要文化財木村家住宅修理委員会 昭和59年12月刊), 「重要文化財小比賀家住宅修理工事報告書」(重要文化財小比賀家住宅修理委員会 昭和52年3月刊), 「重要文化財本田家住宅修理工事報告書」(長崎市 昭和49年10月刊)</marc:subfield>
          </marc:datafield>
          <marc:datafield tag="500" ind1=" " ind2=" ">
            <marc:subfield code="a">第4巻の原本: 「重要文化財牧村家住宅修理工事報告書」(岐阜県 昭和57年刊),「重要文化財旧田中家住宅修理工事報告書」(岐阜県 昭和48年刊),「重要文化財友田家住宅修理工事報告書」(静岡県 昭和59年刊),「重要文化財服部家住宅(主屋・離座敷)修理工事報告書」(愛知県 昭和54年刊),「重要文化財町井家住宅、主屋・書院修理工事報告書」(三重県 昭和55年刊).</marc:subfield>
          </marc:datafield>
          <marc:datafield tag="500" ind1=" " ind2=" ">
            <marc:subfield code="a">第6巻の原本: 「重要文化財箱木家住宅(千年家)保存修理工事報告書」(重要文化財箱木家住宅修理委員会 昭和54年刊),「重要文化財古井家住宅修理工事報告書」(重要文化財古井家住宅(千年家)保存修理委員会 昭和46年刊),「重要文化財笹岡家住宅修理工事報告書」(奈良県教育委員会 昭和46年刊),「重要文化財菊家家住宅修理工事報告書」(奈良県教育委員会 昭和57年刊),「重要文化財増田家主屋・表門保存住宅修理工事報告書 (増田裕 昭和61年刊)</marc:subfield>
          </marc:datafield>
          <marc:datafield tag="500" ind1=" " ind2=" ">
            <marc:subfield code="a">第9巻の原本: 「重要文化財瀧澤家住宅修理工事報告書」(京都府 昭和60年12月刊),「重要文化財中村家住宅修理工事報告書」(奈良県 昭和49年8月刊),「重要文化財今西家住宅修理工事報告書」(昭和37年10月刊),「重要文化財 大角家住宅保存修理工事報告書」(滋賀県 昭和45年9月刊).</marc:subfield>
          </marc:datafield>
          <marc:datafield tag="500" ind1=" " ind2=" ">
            <marc:subfield code="a">補遺1の原本: 「重要文化財旧滝沢本陣横山家住宅修理工事報告書」(福島県 昭和53年3月),「重要文化財旧花野井家宅修理工事報告書 増補版」(千葉県 平成3年4月),「重要文化財片岡家住宅主屋根・表門修理工事報告書」(奈良県 昭和56年6月),「重要文化財桑原家住宅(主屋他四棟)修理工報告書(岐阜県 昭和56年3月)</marc:subfield>
          </marc:datafield>
          <marc:datafield tag="500" ind1=" " ind2=" ">
            <marc:subfield code="a">第3巻の原本: 「重要文化財佐藤家住宅保存修理工事報告書」(重要文化財佐藤家住宅修理委員会 昭和55年8月刊) . 「重要文化財旧江向家住宅移築修理工事報告書」(川崎市 昭和45年3月刊),「重要文化財座主家住宅修理工事報告書」(重要文化財 座主家住宅修理委員会 昭和49年11月),「重要文化財坪川家住宅修理工事報告書」(重要文化財坪川家住宅修理委員会 昭和44年3月刊),「重要文化財門西家住宅修理工事報告書」(重要文化財門西家住宅修理委員会 昭和44年12月刊),「重要文化財曽根原家住宅保存修理工事報告書」(重要文化財曽根原家住宅修理委員会 昭和52年12月),「重要文化財春原家住宅修理工事報告書」(春原家住宅修理委員会 昭和56年3月).</marc:subfield>
          </marc:datafield>
          <marc:datafield tag="500" ind1=" " ind2=" ">
            <marc:subfield code="a">その他の編者: 亀井伸雄, 近藤光雄, 日塔和彦</marc:subfield>
          </marc:datafield>
          <marc:datafield tag="505" ind1="0" ind2="0">
            <marc:subfield code="g">1</marc:subfield>
            <marc:subfield code="t">重要文化財旧後藤家住宅修理工事報告書</marc:subfield>
          </marc:datafield>
          <marc:datafield tag="505" ind1="0" ind2="0">
            <marc:subfield code="t">重要文化財旧管野家住宅修理工事報告書</marc:subfield>
          </marc:datafield>
          <marc:datafield tag="505" ind1="0" ind2="0">
            <marc:subfield code="t">重要文化財洞口家住宅修理工事報告書</marc:subfield>
          </marc:datafield>
          <marc:datafield tag="505" ind1="0" ind2="0">
            <marc:subfield code="t">重要文化財鈴木家住宅修理工事報告書</marc:subfield>
          </marc:datafield>
          <marc:datafield tag="505" ind1="0" ind2="0">
            <marc:subfield code="t">重要文化財旧有路家住宅修理工事報告書</marc:subfield>
          </marc:datafield>
          <marc:datafield tag="505" ind1="0" ind2="0">
            <marc:subfield code="t">重要文化財五十嵐家住宅修理工事報告書</marc:subfield>
          </marc:datafield>
          <marc:datafield tag="505" ind1="0" ind2="0">
            <marc:subfield code="g">2</marc:subfield>
            <marc:subfield code="t">重要文化財椎名家住宅修理工事報告書</marc:subfield>
          </marc:datafield>
          <marc:datafield tag="505" ind1="0" ind2="0">
            <marc:subfield code="t">重要文化財中崎家住宅修理工事報告書</marc:subfield>
          </marc:datafield>
          <marc:datafield tag="505" ind1="0" ind2="0">
            <marc:subfield code="t">重要文化財茂木家住宅保存修理工事報告書</marc:subfield>
          </marc:datafield>
          <marc:datafield tag="505" ind1="0" ind2="0">
            <marc:subfield code="t">重要文化財平山家住宅保存修理工事報告書</marc:subfield>
          </marc:datafield>
          <marc:datafield tag="505" ind1="0" ind2="0">
            <marc:subfield code="t">重要文化財旧尾形家住宅移築修理工事報告書</marc:subfield>
          </marc:datafield>
          <marc:datafield tag="505" ind1="0" ind2="0">
            <marc:subfield code="t">重要文化財旧北村家住宅移築修理工事報告書</marc:subfield>
          </marc:datafield>
          <marc:datafield tag="505" ind1="0" ind2="0">
            <marc:subfield code="t">重要文化財旧羽石家住宅移築修理工事報告書</marc:subfield>
          </marc:datafield>
          <marc:datafield tag="505" ind1="0" ind2="0">
            <marc:subfield code="g">3</marc:subfield>
            <marc:subfield code="t">重要文化財佐藤家住宅保存修理工事報告書</marc:subfield>
          </marc:datafield>
          <marc:datafield tag="505" ind1="0" ind2="0">
            <marc:subfield code="t">重要文化財旧江向家住宅移築修理工事報告書</marc:subfield>
          </marc:datafield>
          <marc:datafield tag="505" ind1="0" ind2="0">
            <marc:subfield code="t">重要文化財座主家住宅修理工事報告書</marc:subfield>
          </marc:datafield>
          <marc:datafield tag="505" ind1="0" ind2="0">
            <marc:subfield code="t">重要文化財坪川家住宅修理工事報告書</marc:subfield>
          </marc:datafield>
          <marc:datafield tag="505" ind1="0" ind2="0">
            <marc:subfield code="t">重要文化財門西家住宅修理工事報告書</marc:subfield>
          </marc:datafield>
          <marc:datafield tag="505" ind1="0" ind2="0">
            <marc:subfield code="t">重要文化財曽根原家住宅保存修理工事報告書</marc:subfield>
          </marc:datafield>
          <marc:datafield tag="505" ind1="0" ind2="0">
            <marc:subfield code="t">重要文化財春原家住宅修理工事報告書</marc:subfield>
          </marc:datafield>
          <marc:datafield tag="505" ind1="0" ind2="0">
            <marc:subfield code="g">4</marc:subfield>
            <marc:subfield code="t">重要文化財牧村家住宅修理工事報告書</marc:subfield>
          </marc:datafield>
          <marc:datafield tag="505" ind1="0" ind2="0">
            <marc:subfield code="t">重要文化財旧田中家住宅修理工事報告書</marc:subfield>
          </marc:datafield>
          <marc:datafield tag="505" ind1="0" ind2="0">
            <marc:subfield code="t">重要文化財友田家住宅修理工事報告書</marc:subfield>
          </marc:datafield>
          <marc:datafield tag="505" ind1="0" ind2="0">
            <marc:subfield code="t">重要文化財服部家住宅(主屋・離座敷)修理工事報告書</marc:subfield>
          </marc:datafield>
          <marc:datafield tag="505" ind1="0" ind2="0">
            <marc:subfield code="t">重要文化財町井家住宅、主屋・書院修理工事報告書</marc:subfield>
          </marc:datafield>
          <marc:datafield tag="505" ind1="0" ind2="0">
            <marc:subfield code="g">5</marc:subfield>
            <marc:subfield code="t">重要文化財石田家住宅修理工事報告書</marc:subfield>
          </marc:datafield>
          <marc:datafield tag="505" ind1="0" ind2="0">
            <marc:subfield code="t">重要文化財伊佐家住宅(主屋)修理工事報告書</marc:subfield>
          </marc:datafield>
          <marc:datafield tag="505" ind1="0" ind2="0">
            <marc:subfield code="t">重要文化財旧岡花家住宅移築修理工事報告書</marc:subfield>
          </marc:datafield>
          <marc:datafield tag="505" ind1="0" ind2="0">
            <marc:subfield code="t">重要文化財奥家住宅修理工事報告書</marc:subfield>
          </marc:datafield>
          <marc:datafield tag="505" ind1="0" ind2="0">
            <marc:subfield code="t">重要文化財左近家住宅修理工事報告書</marc:subfield>
          </marc:datafield>
          <marc:datafield tag="505" ind1="0" ind2="0">
            <marc:subfield code="t">重要文化財中家住宅修理工事報告書</marc:subfield>
          </marc:datafield>
          <marc:datafield tag="505" ind1="0" ind2="0">
            <marc:subfield code="t">重要文化財住宅吉村家住宅修理工事報告書</marc:subfield>
          </marc:datafield>
          <marc:datafield tag="505" ind1="0" ind2="0">
            <marc:subfield code="t">重要文化財旧宮地家住宅移築修理工事報告書</marc:subfield>
          </marc:datafield>
          <marc:datafield tag="505" ind1="0" ind2="0">
            <marc:subfield code="g">6</marc:subfield>
            <marc:subfield code="t">重要文化財箱木家(千年家)住宅保存修理工事報告書</marc:subfield>
          </marc:datafield>
          <marc:datafield tag="505" ind1="0" ind2="0">
            <marc:subfield code="t">重要文化財古井家住宅修理工事報告書</marc:subfield>
          </marc:datafield>
          <marc:datafield tag="505" ind1="0" ind2="0">
            <marc:subfield code="t">重要文化財笹岡家住宅修理工事報告書</marc:subfield>
          </marc:datafield>
          <marc:datafield tag="505" ind1="0" ind2="0">
            <marc:subfield code="t">重要文化財菊家家住宅修理工事報告書</marc:subfield>
          </marc:datafield>
          <marc:datafield tag="505" ind1="0" ind2="0">
            <marc:subfield code="t">重要文化財増田家主屋・表門保存住宅修理工事報告書</marc:subfield>
          </marc:datafield>
          <marc:datafield tag="505" ind1="0" ind2="0">
            <marc:subfield code="g">7</marc:subfield>
            <marc:subfield code="t">重要文化財矢部家住宅修理工事報告書</marc:subfield>
          </marc:datafield>
          <marc:datafield tag="505" ind1="0" ind2="0">
            <marc:subfield code="t">重要文化財堀江家住宅修理工事報告書</marc:subfield>
          </marc:datafield>
          <marc:datafield tag="505" ind1="0" ind2="0">
            <marc:subfield code="t">重要文化財前原家住宅修理工事報告書</marc:subfield>
          </marc:datafield>
          <marc:datafield tag="505" ind1="0" ind2="0">
            <marc:subfield code="t">重要文化財木村家住宅修理工事報告書</marc:subfield>
          </marc:datafield>
          <marc:datafield tag="505" ind1="0" ind2="0">
            <marc:subfield code="t">重要文化財小比賀家住宅修理工事報告書</marc:subfield>
          </marc:datafield>
          <marc:datafield tag="505" ind1="0" ind2="0">
            <marc:subfield code="t">重要文化財本田家住宅修理工事報告書</marc:subfield>
          </marc:datafield>
          <marc:datafield tag="505" ind1="0" ind2="0">
            <marc:subfield code="g">8</marc:subfield>
            <marc:subfield code="t">重要文化財石場家住宅保存修理工事報告書</marc:subfield>
          </marc:datafield>
          <marc:datafield tag="505" ind1="0" ind2="0">
            <marc:subfield code="t">重要文化財生方家住宅移築修理工事報告書</marc:subfield>
          </marc:datafield>
          <marc:datafield tag="505" ind1="0" ind2="0">
            <marc:subfield code="t">重要文化財真山家住宅修理工事報告書</marc:subfield>
          </marc:datafield>
          <marc:datafield tag="505" ind1="0" ind2="0">
            <marc:subfield code="t">重要文化財小坂家住宅修理工事報告書</marc:subfield>
          </marc:datafield>
          <marc:datafield tag="505" ind1="0" ind2="0">
            <marc:subfield code="g">9</marc:subfield>
            <marc:subfield code="t">重要文化財瀧澤家住宅修理工事報告書</marc:subfield>
          </marc:datafield>
          <marc:datafield tag="505" ind1="0" ind2="0">
            <marc:subfield code="t">重要文化財中村家住宅修理工事報告書</marc:subfield>
          </marc:datafield>
          <marc:datafield tag="505" ind1="0" ind2="0">
            <marc:subfield code="t">重要文化財今西家住宅修理工事報告書</marc:subfield>
          </marc:datafield>
          <marc:datafield tag="505" ind1="0" ind2="0">
            <marc:subfield code="t">重要文化財大角家住宅保存修理工事報告書</marc:subfield>
          </marc:datafield>
          <marc:datafield tag="505" ind1="0" ind2="0">
            <marc:subfield code="g">10</marc:subfield>
            <marc:subfield code="t">重要文化財木幡家住宅保存修理工事報告書</marc:subfield>
          </marc:datafield>
          <marc:datafield tag="505" ind1="0" ind2="0">
            <marc:subfield code="t">重要文化財木原家住宅修理工事報告書</marc:subfield>
          </marc:datafield>
          <marc:datafield tag="505" ind1="0" ind2="0">
            <marc:subfield code="t">重要文化財後藤家住宅修理工事報告書</marc:subfield>
          </marc:datafield>
          <marc:datafield tag="505" ind1="0" ind2="0">
            <marc:subfield code="t">重要文化財菊原家住宅修理工事報告書</marc:subfield>
          </marc:datafield>
          <marc:datafield tag="505" ind1="0" ind2="0">
            <marc:subfield code="g">11</marc:subfield>
            <marc:subfield code="t">重要文化財旧作田家住宅移築修理工事報告書</marc:subfield>
          </marc:datafield>
          <marc:datafield tag="505" ind1="0" ind2="0">
            <marc:subfield code="t">重要文化財旧瓜生家住宅保存修理工事報告書</marc:subfield>
          </marc:datafield>
          <marc:datafield tag="505" ind1="0" ind2="0">
            <marc:subfield code="t">重要文化財角屋修理工事報告書</marc:subfield>
          </marc:datafield>
          <marc:datafield tag="505" ind1="0" ind2="0">
            <marc:subfield code="t">重要文化財林家住宅保存修理工事報告書</marc:subfield>
          </marc:datafield>
          <marc:datafield tag="505" ind1="0" ind2="0">
            <marc:subfield code="t">重要文化財目加田家住宅修理工事報告書</marc:subfield>
          </marc:datafield>
          <marc:datafield tag="505" ind1="0" ind2="0">
            <marc:subfield code="t">重要文化財銘苅家住宅修理工事報告書</marc:subfield>
          </marc:datafield>
          <marc:datafield tag="505" ind1="0" ind2="0">
            <marc:subfield code="t">補遺1:重要文化財旧滝沢本陣横山家住宅修理工事報告書</marc:subfield>
          </marc:datafield>
          <marc:datafield tag="505" ind1="0" ind2="0">
            <marc:subfield code="t">重要文化財旧花野井家住宅修理工事報告書</marc:subfield>
          </marc:datafield>
          <marc:datafield tag="505" ind1="0" ind2="0">
            <marc:subfield code="t">重要文化財片岡家住宅主屋・表門修理工事報告書</marc:subfield>
          </marc:datafield>
          <marc:datafield tag="505" ind1="0" ind2="0">
            <marc:subfield code="t">重要文化財桑原家住宅(主屋他四棟)修理工事報告書</marc:subfield>
          </marc:datafield>
          <marc:datafield tag="505" ind1="0" ind2="0">
            <marc:subfield code="t">補遺2:重要文化財江川家住宅修理工事報告書</marc:subfield>
          </marc:datafield>
          <marc:datafield tag="505" ind1="0" ind2="0">
            <marc:subfield code="t">重要文化財旧杉山家住宅修理工事報告書</marc:subfield>
          </marc:datafield>
          <marc:datafield tag="505" ind1="0" ind2="0">
            <marc:subfield code="t">重要文化財豊田家住宅修理工事報告書</marc:subfield>
          </marc:datafield>
          <marc:datafield tag="505" ind1="0" ind2="0">
            <marc:subfield code="t">重要文化財熊谷家住宅(主屋・宝蔵)修理工事報告書</marc:subfield>
          </marc:datafield>
          <marc:datafield tag="740" ind1="0" ind2=" ">
            <marc:subfield code="a">日本の民家重要文化財修理報告書集成</marc:subfield>
          </marc:datafield>
          <marc:datafield tag="852" ind1=" " ind2=" ">
            <marc:subfield code="a">九大芸(FA003476)</marc:subfield>
            <marc:subfield code="k">521.86/Mu43/8</marc:subfield>
            <marc:subfield code="m">OTHER</marc:subfield>
            <marc:subfield code="b">Design</marc:subfield>
            <marc:subfield code="x">Library</marc:subfield>
            <marc:subfield code="j">芸工修理報告 4階</marc:subfield>
            <marc:subfield code="g">DESIGN LIBRARY</marc:subfield>
            <marc:subfield code="p">013112008024407</marc:subfield>
            <marc:subfield code="f">4887213719</marc:subfield>
            <marc:subfield code="8">第8巻 : 町家 宿場 1 : 東日本</marc:subfield>
            <marc:subfield code="6">2009-03-26</marc:subfield>
            <marc:subfield code="i">OS000024</marc:subfield>
          </marc:datafield>
          <marc:datafield tag="852" ind1=" " ind2=" ">
            <marc:subfield code="a">九大芸(FA003476)</marc:subfield>
            <marc:subfield code="k">521.86/Mu43/9</marc:subfield>
            <marc:subfield code="m">OTHER</marc:subfield>
            <marc:subfield code="b">Design</marc:subfield>
            <marc:subfield code="x">Library</marc:subfield>
            <marc:subfield code="j">芸工修理報告 4階</marc:subfield>
            <marc:subfield code="g">DESIGN LIBRARY</marc:subfield>
            <marc:subfield code="p">013112008024410</marc:subfield>
            <marc:subfield code="f">4887214553</marc:subfield>
            <marc:subfield code="8">第9巻 : 町家 宿場 2 : 西日本1</marc:subfield>
            <marc:subfield code="6">2009-03-26</marc:subfield>
            <marc:subfield code="i">OS000024</marc:subfield>
          </marc:datafield>
          <marc:datafield tag="852" ind1=" " ind2=" ">
            <marc:subfield code="a">九大芸(FA003476)</marc:subfield>
            <marc:subfield code="k">521.86/Mu43/10</marc:subfield>
            <marc:subfield code="m">OTHER</marc:subfield>
            <marc:subfield code="b">Design</marc:subfield>
            <marc:subfield code="x">Library</marc:subfield>
            <marc:subfield code="j">芸工修理報告 4階</marc:subfield>
            <marc:subfield code="g">DESIGN LIBRARY</marc:subfield>
            <marc:subfield code="p">013112008024422</marc:subfield>
            <marc:subfield code="8">10巻 : 町家 宿場 2 : 西日本2</marc:subfield>
            <marc:subfield code="6">2009-03-26</marc:subfield>
            <marc:subfield code="i">OS000024</marc:subfield>
          </marc:datafield>
          <marc:datafield tag="852" ind1=" " ind2=" ">
            <marc:subfield code="a">九大芸(FA003476)</marc:subfield>
            <marc:subfield code="k">521.86/Mu43/11</marc:subfield>
            <marc:subfield code="m">OTHER</marc:subfield>
            <marc:subfield code="b">Design</marc:subfield>
            <marc:subfield code="x">Library</marc:subfield>
            <marc:subfield code="j">芸工修理報告 4階</marc:subfield>
            <marc:subfield code="g">DESIGN LIBRARY</marc:subfield>
            <marc:subfield code="p">013112008024434</marc:subfield>
            <marc:subfield code="f">488721457X</marc:subfield>
            <marc:subfield code="8">第11巻 : 漁家 その他</marc:subfield>
            <marc:subfield code="6">2009-03-26</marc:subfield>
            <marc:subfield code="i">OS000024</marc:subfield>
          </marc:datafield>
          <marc:datafield tag="852" ind1=" " ind2=" ">
            <marc:subfield code="a">九大芸(FA003476)</marc:subfield>
            <marc:subfield code="k">521.86/Mu43/1</marc:subfield>
            <marc:subfield code="m">OTHER</marc:subfield>
            <marc:subfield code="b">Design</marc:subfield>
            <marc:subfield code="x">Library</marc:subfield>
            <marc:subfield code="j">芸工修理報告 4階</marc:subfield>
            <marc:subfield code="g">DESIGN LIBRARY</marc:subfield>
            <marc:subfield code="p">072031100020678</marc:subfield>
            <marc:subfield code="f">4887213646</marc:subfield>
            <marc:subfield code="8">第1巻 : 農家1 : 東北地方</marc:subfield>
            <marc:subfield code="6">2009-03-26</marc:subfield>
            <marc:subfield code="i">OS000024</marc:subfield>
          </marc:datafield>
          <marc:datafield tag="852" ind1=" " ind2=" ">
            <marc:subfield code="a">九大芸(FA003476)</marc:subfield>
            <marc:subfield code="k">521.86/Mu43/2</marc:subfield>
            <marc:subfield code="m">OTHER</marc:subfield>
            <marc:subfield code="b">Design</marc:subfield>
            <marc:subfield code="x">Library</marc:subfield>
            <marc:subfield code="j">芸工修理報告 4階</marc:subfield>
            <marc:subfield code="g">DESIGN LIBRARY</marc:subfield>
            <marc:subfield code="p">072031100020681</marc:subfield>
            <marc:subfield code="f">4887213654</marc:subfield>
            <marc:subfield code="8">第2巻 : 農家2 : 関東地方</marc:subfield>
            <marc:subfield code="6">2009-03-26</marc:subfield>
            <marc:subfield code="i">OS000024</marc:subfield>
          </marc:datafield>
          <marc:datafield tag="852" ind1=" " ind2=" ">
            <marc:subfield code="a">九大芸(FA003476)</marc:subfield>
            <marc:subfield code="k">521.86/Mu43/3</marc:subfield>
            <marc:subfield code="m">OTHER</marc:subfield>
            <marc:subfield code="b">Design</marc:subfield>
            <marc:subfield code="x">Library</marc:subfield>
            <marc:subfield code="j">芸工修理報告 4階</marc:subfield>
            <marc:subfield code="g">DESIGN LIBRARY</marc:subfield>
            <marc:subfield code="p">072031100020693</marc:subfield>
            <marc:subfield code="f">4887213662</marc:subfield>
            <marc:subfield code="8">第3巻 : 農家3 : 中部地方1</marc:subfield>
            <marc:subfield code="6">2009-03-26</marc:subfield>
            <marc:subfield code="i">OS000024</marc:subfield>
          </marc:datafield>
          <marc:datafield tag="852" ind1=" " ind2=" ">
            <marc:subfield code="a">九大芸(FA003476)</marc:subfield>
            <marc:subfield code="k">521.86/Mu43/4</marc:subfield>
            <marc:subfield code="m">OTHER</marc:subfield>
            <marc:subfield code="b">Design</marc:subfield>
            <marc:subfield code="x">Library</marc:subfield>
            <marc:subfield code="j">芸工修理報告 4階</marc:subfield>
            <marc:subfield code="g">DESIGN LIBRARY</marc:subfield>
            <marc:subfield code="p">072031100020704</marc:subfield>
            <marc:subfield code="f">4887213670</marc:subfield>
            <marc:subfield code="8">第4巻 : 農家4 : 中部地方2</marc:subfield>
            <marc:subfield code="6">2009-03-26</marc:subfield>
            <marc:subfield code="i">OS000024</marc:subfield>
          </marc:datafield>
          <marc:datafield tag="852" ind1=" " ind2=" ">
            <marc:subfield code="a">九大芸(FA003476)</marc:subfield>
            <marc:subfield code="k">521.86/Mu43/5</marc:subfield>
            <marc:subfield code="m">OTHER</marc:subfield>
            <marc:subfield code="b">Design</marc:subfield>
            <marc:subfield code="x">Library</marc:subfield>
            <marc:subfield code="j">芸工修理報告 4階</marc:subfield>
            <marc:subfield code="g">DESIGN LIBRARY</marc:subfield>
            <marc:subfield code="p">072031100020716</marc:subfield>
            <marc:subfield code="f">4887213689</marc:subfield>
            <marc:subfield code="8">第5巻 : 農家5 : 近畿地方1</marc:subfield>
            <marc:subfield code="6">2009-03-26</marc:subfield>
            <marc:subfield code="i">OS000024</marc:subfield>
          </marc:datafield>
          <marc:datafield tag="852" ind1=" " ind2=" ">
            <marc:subfield code="a">九大芸(FA003476)</marc:subfield>
            <marc:subfield code="k">521.86/Mu43/6</marc:subfield>
            <marc:subfield code="m">OTHER</marc:subfield>
            <marc:subfield code="b">Design</marc:subfield>
            <marc:subfield code="x">Library</marc:subfield>
            <marc:subfield code="j">芸工修理報告 4階</marc:subfield>
            <marc:subfield code="g">DESIGN LIBRARY</marc:subfield>
            <marc:subfield code="p">072031101006796</marc:subfield>
            <marc:subfield code="f">4887213697</marc:subfield>
            <marc:subfield code="8">第6巻 : 農家6 : 近畿地方2</marc:subfield>
            <marc:subfield code="6">2009-03-26</marc:subfield>
            <marc:subfield code="i">OS000024</marc:subfield>
          </marc:datafield>
          <marc:datafield tag="852" ind1=" " ind2=" ">
            <marc:subfield code="a">九大芸(FA003476)</marc:subfield>
            <marc:subfield code="k">521.86/Mu43/7</marc:subfield>
            <marc:subfield code="m">OTHER</marc:subfield>
            <marc:subfield code="b">Design</marc:subfield>
            <marc:subfield code="x">Library</marc:subfield>
            <marc:subfield code="j">芸工修理報告 4階</marc:subfield>
            <marc:subfield code="g">DESIGN LIBRARY</marc:subfield>
            <marc:subfield code="p">072031101006807</marc:subfield>
            <marc:subfield code="f">4887213700</marc:subfield>
            <marc:subfield code="8">第7巻 : 農家7 : 中国・四国・九州</marc:subfield>
            <marc:subfield code="6">2009-03-26</marc:subfield>
            <marc:subfield code="i">OS000024</marc:subfield>
          </marc:datafield>
          <marc:datafield tag="852" ind1=" " ind2=" ">
            <marc:subfield code="a">九大芸(FA003476)</marc:subfield>
            <marc:subfield code="k">521.86/Mu43/12</marc:subfield>
            <marc:subfield code="m">OTHER</marc:subfield>
            <marc:subfield code="b">Design</marc:subfield>
            <marc:subfield code="x">Library</marc:subfield>
            <marc:subfield code="j">芸工修理報告 4階</marc:subfield>
            <marc:subfield code="g">DESIGN LIBRARY</marc:subfield>
            <marc:subfield code="p">072031102019388</marc:subfield>
            <marc:subfield code="f">4887215622</marc:subfield>
            <marc:subfield code="8">補遺 1 : 農家</marc:subfield>
            <marc:subfield code="6">2009-03-26</marc:subfield>
            <marc:subfield code="i">OS000024</marc:subfield>
          </marc:datafield>
          <marc:datafield tag="852" ind1=" " ind2=" ">
            <marc:subfield code="a">九大芸(FA003476)</marc:subfield>
            <marc:subfield code="k">521.86/Mu43/13</marc:subfield>
            <marc:subfield code="m">OTHER</marc:subfield>
            <marc:subfield code="b">Design</marc:subfield>
            <marc:subfield code="x">Library</marc:subfield>
            <marc:subfield code="j">芸工修理報告 4階</marc:subfield>
            <marc:subfield code="g">DESIGN LIBRARY</marc:subfield>
            <marc:subfield code="p">072031102019391</marc:subfield>
            <marc:subfield code="f">4887215630</marc:subfield>
            <marc:subfield code="8">補遺 2 : 町家</marc:subfield>
            <marc:subfield code="6">2009-03-26</marc:subfield>
            <marc:subfield code="i">OS000024</marc:subfield>
          </marc:datafield>
          <marc:datafield tag="880" ind1="1" ind2=" ">
            <marc:subfield code="6">100-01/$1</marc:subfield>
            <marc:subfield code="a">ムラカミ, ジンイチ</marc:subfield>
          </marc:datafield>
          <marc:datafield tag="880" ind1="1" ind2="0">
            <marc:subfield code="6">245-02/$1</marc:subfield>
            <marc:subfield code="a">ニホン ノ ミンカ ジュウヨウ ブンカザイ シュウリ ホウコクショ シュウセイ</marc:subfield>
          </marc:datafield>
        </marc:record>
      </metadata>
    </record>