
    <record>
      <header>
        <identifier>oai:carli.illinois.edu:CARLIVoyager2/659</identifier>
        <datestamp>2011-10-21T18:55:54Z</datestamp>
        <setSpec>bib</setSpec>
      </header>
      <metadata>
        <marc:record xmlns:marc="http://www.loc.gov/MARC21/slim" xmlns:xsi="http://www.w3.org/2001/XMLSchema-instance" xsi:schemaLocation="http://www.loc.gov/MARC21/slim http://xc.ilcso.uiuc.edu:8080/OAIToolkit2/schema/MARC21slim_custom.xsd">
          <marc:leader>04460nam a2200913zi 4500</marc:leader>
          <marc:controlfield tag="001">BA45017837</marc:controlfield>
          <marc:controlfield tag="003">NII</marc:controlfield>
          <marc:controlfield tag="005">20110909134341.0</marc:controlfield>
          <marc:controlfield tag="007">ta </marc:controlfield>
          <marc:controlfield tag="008">090915s2000    ja ||||||b||||||||||jpn|d</marc:controlfield>
          <marc:datafield tag="016" ind1="7" ind2=" ">
            <marc:subfield code="a">BA45017837</marc:subfield>
            <marc:subfield code="2">JP-ToKJK</marc:subfield>
          </marc:datafield>
          <marc:datafield tag="020" ind1=" " ind2=" ">
            <marc:subfield code="a">480510774X</marc:subfield>
            <marc:subfield code="c">3800円+税</marc:subfield>
          </marc:datafield>
          <marc:datafield tag="040" ind1=" " ind2=" ">
            <marc:subfield code="a">NII</marc:subfield>
          </marc:datafield>
          <marc:datafield tag="041" ind1="0" ind2=" ">
            <marc:subfield code="a">jpn</marc:subfield>
          </marc:datafield>
          <marc:datafield tag="044" ind1=" " ind2=" ">
            <marc:subfield code="a">ja</marc:subfield>
            <marc:subfield code="5">NII</marc:subfield>
          </marc:datafield>
          <marc:datafield tag="084" ind1=" " ind2=" ">
            <marc:subfield code="a">675</marc:subfield>
            <marc:subfield code="2">NDC9</marc:subfield>
          </marc:datafield>
          <marc:datafield tag="084" ind1=" " ind2=" ">
            <marc:subfield code="a">675</marc:subfield>
            <marc:subfield code="2">NDC8</marc:subfield>
          </marc:datafield>
          <marc:datafield tag="084" ind1=" " ind2=" ">
            <marc:subfield code="a">DH411</marc:subfield>
            <marc:subfield code="2">NDLC</marc:subfield>
          </marc:datafield>
          <marc:datafield tag="100" ind1="1" ind2=" ">
            <marc:subfield code="6">880-01</marc:subfield>
            <marc:subfield code="a">高嶋, 克義(1958-)</marc:subfield>
            <marc:subfield code="0">(NII)DA08223097</marc:subfield>
          </marc:datafield>
          <marc:datafield tag="100" ind1="1" ind2=" ">
            <marc:subfield code="6">880-02</marc:subfield>
            <marc:subfield code="a">山下, 貴子</marc:subfield>
          </marc:datafield>
          <marc:datafield tag="100" ind1="1" ind2=" ">
            <marc:subfield code="6">880-03</marc:subfield>
            <marc:subfield code="a">村上, 恭一</marc:subfield>
          </marc:datafield>
          <marc:datafield tag="100" ind1="1" ind2=" ">
            <marc:subfield code="6">880-04</marc:subfield>
            <marc:subfield code="a">近藤, 公彦(1961-)</marc:subfield>
            <marc:subfield code="0">(NII)DA10176604</marc:subfield>
          </marc:datafield>
          <marc:datafield tag="100" ind1="1" ind2=" ">
            <marc:subfield code="6">880-05</marc:subfield>
            <marc:subfield code="a">坂川, 裕司(1969-)</marc:subfield>
            <marc:subfield code="0">(NII)DA12489032</marc:subfield>
          </marc:datafield>
          <marc:datafield tag="100" ind1="1" ind2=" ">
            <marc:subfield code="6">880-06</marc:subfield>
            <marc:subfield code="a">小川, 進</marc:subfield>
          </marc:datafield>
          <marc:datafield tag="100" ind1="1" ind2=" ">
            <marc:subfield code="a">Praet, Carolus, 1967-</marc:subfield>
            <marc:subfield code="0">(NII)DA12488969</marc:subfield>
          </marc:datafield>
          <marc:datafield tag="100" ind1="1" ind2=" ">
            <marc:subfield code="6">880-07</marc:subfield>
            <marc:subfield code="a">加茂, 英司(1960-)</marc:subfield>
            <marc:subfield code="0">(NII)DA08242739</marc:subfield>
          </marc:datafield>
          <marc:datafield tag="100" ind1="1" ind2=" ">
            <marc:subfield code="6">880-08</marc:subfield>
            <marc:subfield code="a">高宮城, 朝則(1954-)</marc:subfield>
            <marc:subfield code="0">(NII)DA10594921</marc:subfield>
          </marc:datafield>
          <marc:datafield tag="100" ind1="1" ind2=" ">
            <marc:subfield code="6">880-09</marc:subfield>
            <marc:subfield code="a">細井, 謙一</marc:subfield>
          </marc:datafield>
          <marc:datafield tag="100" ind1="1" ind2=" ">
            <marc:subfield code="6">880-10</marc:subfield>
            <marc:subfield code="a">南, 知惠子(1960-)</marc:subfield>
            <marc:subfield code="0">(NII)DA11458769</marc:subfield>
          </marc:datafield>
          <marc:datafield tag="100" ind1="1" ind2=" ">
            <marc:subfield code="6">880-11</marc:subfield>
            <marc:subfield code="a">山本, 昭二(1959-)</marc:subfield>
            <marc:subfield code="0">(NII)DA06444572</marc:subfield>
          </marc:datafield>
          <marc:datafield tag="100" ind1="1" ind2=" ">
            <marc:subfield code="6">880-12</marc:subfield>
            <marc:subfield code="a">藤村, 和宏</marc:subfield>
          </marc:datafield>
          <marc:datafield tag="100" ind1="1" ind2=" ">
            <marc:subfield code="6">880-13</marc:subfield>
            <marc:subfield code="a">黄, 磷(1962-)</marc:subfield>
            <marc:subfield code="0">(NII)DA06577634</marc:subfield>
          </marc:datafield>
          <marc:datafield tag="100" ind1="1" ind2=" ">
            <marc:subfield code="6">880-14</marc:subfield>
            <marc:subfield code="a">谷地, 弘安(1969-)</marc:subfield>
            <marc:subfield code="0">(NII)DA11902778</marc:subfield>
          </marc:datafield>
          <marc:datafield tag="100" ind1="1" ind2=" ">
            <marc:subfield code="6">880-15</marc:subfield>
            <marc:subfield code="a">桑原, 秀史(1955-)</marc:subfield>
            <marc:subfield code="0">(NII)DA02712410</marc:subfield>
          </marc:datafield>
          <marc:datafield tag="245" ind1="1" ind2="0">
            <marc:subfield code="a">日本型マーケティング</marc:subfield>
            <marc:subfield code="c">高嶋克義編著</marc:subfield>
            <marc:subfield code="6">880-16</marc:subfield>
          </marc:datafield>
          <marc:datafield tag="260" ind1=" " ind2=" ">
            <marc:subfield code="a">東京</marc:subfield>
            <marc:subfield code="b">千倉書房</marc:subfield>
            <marc:subfield code="c">2000.1</marc:subfield>
          </marc:datafield>
          <marc:datafield tag="300" ind1=" " ind2=" ">
            <marc:subfield code="a">3, 5, 284, 8p</marc:subfield>
            <marc:subfield code="c">22cm</marc:subfield>
          </marc:datafield>
          <marc:datafield tag="500" ind1=" " ind2=" ">
            <marc:subfield code="a">参考文献: 各章末</marc:subfield>
          </marc:datafield>
          <marc:datafield tag="500" ind1=" " ind2=" ">
            <marc:subfield code="a">田村正紀先生略歴, 著作目録: 巻末p1-8</marc:subfield>
          </marc:datafield>
          <marc:datafield tag="505" ind1="0" ind2="0">
            <marc:subfield code="t">日本型マーケティングの分析視角</marc:subfield>
            <marc:subfield code="r">高嶋克義</marc:subfield>
          </marc:datafield>
          <marc:datafield tag="505" ind1="0" ind2="0">
            <marc:subfield code="t">家計消費構造の日米比較</marc:subfield>
            <marc:subfield code="r">山下貴子</marc:subfield>
          </marc:datafield>
          <marc:datafield tag="505" ind1="0" ind2="0">
            <marc:subfield code="t">日本型取引関係の構図</marc:subfield>
            <marc:subfield code="r">村上恭一</marc:subfield>
          </marc:datafield>
          <marc:datafield tag="505" ind1="0" ind2="0">
            <marc:subfield code="t">日本企業における継続的取引と競争力基盤</marc:subfield>
            <marc:subfield code="r">近藤公彦, 坂川裕司</marc:subfield>
          </marc:datafield>
          <marc:datafield tag="505" ind1="0" ind2="0">
            <marc:subfield code="t">日本における流通企業起点の製品開発</marc:subfield>
            <marc:subfield code="r">小川進</marc:subfield>
          </marc:datafield>
          <marc:datafield tag="505" ind1="0" ind2="0">
            <marc:subfield code="t">テレビ広告の日本的特質 : 有名人起用に関する比較文化的考察</marc:subfield>
            <marc:subfield code="r">カロラス・プラート [著] ; 加茂英司訳</marc:subfield>
          </marc:datafield>
          <marc:datafield tag="505" ind1="0" ind2="0">
            <marc:subfield code="t">日本企業の卸売業依存マーケティング行動</marc:subfield>
            <marc:subfield code="r">高宮城朝則</marc:subfield>
          </marc:datafield>
          <marc:datafield tag="505" ind1="0" ind2="0">
            <marc:subfield code="t">営業活動の日本的特徴 : 外資系生命保険企業と国内生命保険企業の営業体制の比較</marc:subfield>
            <marc:subfield code="r">細井謙一</marc:subfield>
          </marc:datafield>
          <marc:datafield tag="505" ind1="0" ind2="0">
            <marc:subfield code="t">日本企業における営業管理様式の選択</marc:subfield>
            <marc:subfield code="r">高嶋克義</marc:subfield>
          </marc:datafield>
          <marc:datafield tag="505" ind1="0" ind2="0">
            <marc:subfield code="t">企業間情報システムによる日本型営業様式の変化</marc:subfield>
            <marc:subfield code="r">南知惠子</marc:subfield>
          </marc:datafield>
          <marc:datafield tag="505" ind1="0" ind2="0">
            <marc:subfield code="t">日本型都市ホテルの営業革新 : 新たな関係構築と外資との競争</marc:subfield>
            <marc:subfield code="r">山本昭二</marc:subfield>
          </marc:datafield>
          <marc:datafield tag="505" ind1="0" ind2="0">
            <marc:subfield code="t">サービス消費における日本人の満足形成過程の特質</marc:subfield>
            <marc:subfield code="r">藤村和宏</marc:subfield>
          </marc:datafield>
          <marc:datafield tag="505" ind1="0" ind2="0">
            <marc:subfield code="t">中国市場戦略の日米比較</marc:subfield>
            <marc:subfield code="r">黄磷</marc:subfield>
          </marc:datafield>
          <marc:datafield tag="505" ind1="0" ind2="0">
            <marc:subfield code="t">日本企業の海外営業管理体制</marc:subfield>
            <marc:subfield code="r">谷地弘安</marc:subfield>
          </marc:datafield>
          <marc:datafield tag="505" ind1="0" ind2="0">
            <marc:subfield code="t">競争政策とマーケティング行動 : 日英比較</marc:subfield>
            <marc:subfield code="r">桑原秀史</marc:subfield>
          </marc:datafield>
          <marc:datafield tag="650" ind1=" " ind2="7">
            <marc:subfield code="6">880-17</marc:subfield>
            <marc:subfield code="a">マーケティング</marc:subfield>
            <marc:subfield code="2">NDLSH</marc:subfield>
          </marc:datafield>
          <marc:datafield tag="650" ind1=" " ind2="7">
            <marc:subfield code="6">880-18</marc:subfield>
            <marc:subfield code="a">マーケッティング</marc:subfield>
            <marc:subfield code="2">BSH</marc:subfield>
          </marc:datafield>
          <marc:datafield tag="740" ind1="0" ind2=" ">
            <marc:subfield code="a">日本型マーケティング</marc:subfield>
          </marc:datafield>
          <marc:datafield tag="852" ind1=" " ind2=" ">
            <marc:subfield code="a">九大(FA003454)</marc:subfield>
            <marc:subfield code="k">675/Ta 54</marc:subfield>
            <marc:subfield code="m">NDC</marc:subfield>
            <marc:subfield code="b">Central</marc:subfield>
            <marc:subfield code="x">Library</marc:subfield>
            <marc:subfield code="j">中図 開架閲覧室</marc:subfield>
            <marc:subfield code="g">CENTRAL LIBRARY Reading Room</marc:subfield>
            <marc:subfield code="p">003112002005171</marc:subfield>
            <marc:subfield code="f">480510774X</marc:subfield>
            <marc:subfield code="6">2002-07-22</marc:subfield>
            <marc:subfield code="i">OA111000</marc:subfield>
          </marc:datafield>
          <marc:datafield tag="852" ind1=" " ind2=" ">
            <marc:subfield code="a">九大(FA003454)</marc:subfield>
            <marc:subfield code="k">675/Ta 54/20020530</marc:subfield>
            <marc:subfield code="m">NDC</marc:subfield>
            <marc:subfield code="b">Humanities and Social Sciences</marc:subfield>
            <marc:subfield code="x">Research room</marc:subfield>
            <marc:subfield code="j">経 研究室</marc:subfield>
            <marc:subfield code="g">ECONOMICS, Research Room</marc:subfield>
            <marc:subfield code="p">017112002005304</marc:subfield>
            <marc:subfield code="f">480510774X</marc:subfield>
            <marc:subfield code="6">2009-10-29</marc:subfield>
            <marc:subfield code="i">DA340001</marc:subfield>
          </marc:datafield>
          <marc:datafield tag="880" ind1="1" ind2=" ">
            <marc:subfield code="6">100-01/$1</marc:subfield>
            <marc:subfield code="a">タカシマ, カツヨシ</marc:subfield>
          </marc:datafield>
          <marc:datafield tag="880" ind1="1" ind2=" ">
            <marc:subfield code="6">100-02/$1</marc:subfield>
            <marc:subfield code="a">ヤマシタ, タカコ</marc:subfield>
          </marc:datafield>
          <marc:datafield tag="880" ind1="1" ind2=" ">
            <marc:subfield code="6">100-03/$1</marc:subfield>
            <marc:subfield code="a">ムラカミ, キョウイチ</marc:subfield>
          </marc:datafield>
          <marc:datafield tag="880" ind1="1" ind2=" ">
            <marc:subfield code="6">100-04/$1</marc:subfield>
            <marc:subfield code="a">コンドウ, キミヒコ</marc:subfield>
          </marc:datafield>
          <marc:datafield tag="880" ind1="1" ind2=" ">
            <marc:subfield code="6">100-05/$1</marc:subfield>
            <marc:subfield code="a">サカガワ, ユウジ</marc:subfield>
          </marc:datafield>
          <marc:datafield tag="880" ind1="1" ind2=" ">
            <marc:subfield code="6">100-06/$1</marc:subfield>
            <marc:subfield code="a">オガワ, ススム</marc:subfield>
          </marc:datafield>
          <marc:datafield tag="880" ind1="1" ind2=" ">
            <marc:subfield code="6">100-07/$1</marc:subfield>
            <marc:subfield code="a">カモ, エイジ</marc:subfield>
          </marc:datafield>
          <marc:datafield tag="880" ind1="1" ind2=" ">
            <marc:subfield code="6">100-08/$1</marc:subfield>
            <marc:subfield code="a">タカミヤギ, トモノリ</marc:subfield>
          </marc:datafield>
          <marc:datafield tag="880" ind1="1" ind2=" ">
            <marc:subfield code="6">100-09/$1</marc:subfield>
            <marc:subfield code="a">ホソイ, ケンイチ</marc:subfield>
          </marc:datafield>
          <marc:datafield tag="880" ind1="1" ind2=" ">
            <marc:subfield code="6">100-10/$1</marc:subfield>
            <marc:subfield code="a">ミナミ, チエコ</marc:subfield>
          </marc:datafield>
          <marc:datafield tag="880" ind1="1" ind2=" ">
            <marc:subfield code="6">100-11/$1</marc:subfield>
            <marc:subfield code="a">ヤマモト, ショウジ</marc:subfield>
          </marc:datafield>
          <marc:datafield tag="880" ind1="1" ind2=" ">
            <marc:subfield code="6">100-12/$1</marc:subfield>
            <marc:subfield code="a">フジムラ, カズヒロ</marc:subfield>
          </marc:datafield>
          <marc:datafield tag="880" ind1="1" ind2=" ">
            <marc:subfield code="6">100-13/$1</marc:subfield>
            <marc:subfield code="a">コウ, リン</marc:subfield>
          </marc:datafield>
          <marc:datafield tag="880" ind1="1" ind2=" ">
            <marc:subfield code="6">100-13/(B</marc:subfield>
            <marc:subfield code="a">huang, lin</marc:subfield>
          </marc:datafield>
          <marc:datafield tag="880" ind1="1" ind2=" ">
            <marc:subfield code="6">100-14/$1</marc:subfield>
            <marc:subfield code="a">ヤチ, ヒロヤス</marc:subfield>
          </marc:datafield>
          <marc:datafield tag="880" ind1="1" ind2=" ">
            <marc:subfield code="6">100-15/$1</marc:subfield>
            <marc:subfield code="a">クワハラ, ヒデチカ</marc:subfield>
          </marc:datafield>
          <marc:datafield tag="880" ind1="1" ind2="0">
            <marc:subfield code="6">245-16/$1</marc:subfield>
            <marc:subfield code="a">ニホンガタ マーケティング</marc:subfield>
          </marc:datafield>
          <marc:datafield tag="880" ind1=" " ind2="7">
            <marc:subfield code="6">650-17/$1</marc:subfield>
            <marc:subfield code="a">マーケティング</marc:subfield>
          </marc:datafield>
          <marc:datafield tag="880" ind1=" " ind2="7">
            <marc:subfield code="6">650-18/$1</marc:subfield>
            <marc:subfield code="a">マーケッティング</marc:subfield>
          </marc:datafield>
        </marc:record>
      </metadata>
    </record>