
    <record>
      <header>
        <identifier>oai:carli.illinois.edu:CARLIVoyager2/678</identifier>
        <datestamp>2011-10-21T18:55:54Z</datestamp>
        <setSpec>bib</setSpec>
      </header>
      <metadata>
        <marc:record xmlns:marc="http://www.loc.gov/MARC21/slim" xmlns:xsi="http://www.w3.org/2001/XMLSchema-instance" xsi:schemaLocation="http://www.loc.gov/MARC21/slim http://xc.ilcso.uiuc.edu:8080/OAIToolkit2/schema/MARC21slim_custom.xsd">
          <marc:leader>03858nam a2200601zi 4500</marc:leader>
          <marc:controlfield tag="001">BA46286889</marc:controlfield>
          <marc:controlfield tag="003">NII</marc:controlfield>
          <marc:controlfield tag="005">20110909134346.0</marc:controlfield>
          <marc:controlfield tag="007">ta </marc:controlfield>
          <marc:controlfield tag="008">090915s2000    ja ||||||b||||||||||jpn|d</marc:controlfield>
          <marc:datafield tag="015" ind1=" " ind2=" ">
            <marc:subfield code="a">JP20094432</marc:subfield>
            <marc:subfield code="2">kktzm</marc:subfield>
          </marc:datafield>
          <marc:datafield tag="016" ind1="7" ind2=" ">
            <marc:subfield code="a">BA46286889</marc:subfield>
            <marc:subfield code="2">JP-ToKJK</marc:subfield>
          </marc:datafield>
          <marc:datafield tag="020" ind1=" " ind2=" ">
            <marc:subfield code="a">4841902708</marc:subfield>
            <marc:subfield code="c">8200円</marc:subfield>
          </marc:datafield>
          <marc:datafield tag="040" ind1=" " ind2=" ">
            <marc:subfield code="a">NII</marc:subfield>
          </marc:datafield>
          <marc:datafield tag="041" ind1="0" ind2=" ">
            <marc:subfield code="a">jpn</marc:subfield>
          </marc:datafield>
          <marc:datafield tag="044" ind1=" " ind2=" ">
            <marc:subfield code="a">ja</marc:subfield>
            <marc:subfield code="5">NII</marc:subfield>
          </marc:datafield>
          <marc:datafield tag="084" ind1=" " ind2=" ">
            <marc:subfield code="a">507.2</marc:subfield>
            <marc:subfield code="2">NDC9</marc:subfield>
          </marc:datafield>
          <marc:datafield tag="084" ind1=" " ind2=" ">
            <marc:subfield code="a">A463</marc:subfield>
            <marc:subfield code="2">NDLC</marc:subfield>
          </marc:datafield>
          <marc:datafield tag="100" ind1="1" ind2=" ">
            <marc:subfield code="6">880-01</marc:subfield>
            <marc:subfield code="a">知的財産研究所</marc:subfield>
            <marc:subfield code="0">(NII)DA07017919</marc:subfield>
          </marc:datafield>
          <marc:datafield tag="245" ind1="1" ind2="0">
            <marc:subfield code="a">21世紀における知的財産の展望</marc:subfield>
            <marc:subfield code="b">知的財産研究所10周年記念論文集</marc:subfield>
            <marc:subfield code="c">知的財産研究所編</marc:subfield>
            <marc:subfield code="6">880-02</marc:subfield>
          </marc:datafield>
          <marc:datafield tag="246" ind1="3" ind2="3">
            <marc:subfield code="6">880-03</marc:subfield>
            <marc:subfield code="a">21世紀における知的財産の展望</marc:subfield>
          </marc:datafield>
          <marc:datafield tag="260" ind1=" " ind2=" ">
            <marc:subfield code="a">東京</marc:subfield>
            <marc:subfield code="b">雄松堂出版</marc:subfield>
            <marc:subfield code="c">2000.3</marc:subfield>
          </marc:datafield>
          <marc:datafield tag="300" ind1=" " ind2=" ">
            <marc:subfield code="a">v, 570p</marc:subfield>
            <marc:subfield code="c">22cm</marc:subfield>
          </marc:datafield>
          <marc:datafield tag="500" ind1=" " ind2=" ">
            <marc:subfield code="a">知的財産研究所10周年の歩み: p531-570</marc:subfield>
          </marc:datafield>
          <marc:datafield tag="505" ind1="0" ind2="0">
            <marc:subfield code="t">特許法の保護の対象としてのコンピュータ・ソフトウェア</marc:subfield>
            <marc:subfield code="r">相澤英孝著</marc:subfield>
          </marc:datafield>
          <marc:datafield tag="505" ind1="0" ind2="0">
            <marc:subfield code="t">ビジネス関連発明についての一考察</marc:subfield>
            <marc:subfield code="r">相田義明著</marc:subfield>
          </marc:datafield>
          <marc:datafield tag="505" ind1="0" ind2="0">
            <marc:subfield code="t">英国における特許クレームの解釈基準</marc:subfield>
            <marc:subfield code="r">井上由里子著</marc:subfield>
          </marc:datafield>
          <marc:datafield tag="505" ind1="0" ind2="0">
            <marc:subfield code="t">知的財産権をめぐる紛争予防と紛争処理 : 判定制度を中心に</marc:subfield>
            <marc:subfield code="r">梅本吉彦著</marc:subfield>
          </marc:datafield>
          <marc:datafield tag="505" ind1="0" ind2="0">
            <marc:subfield code="t">等価理論の基礎</marc:subfield>
            <marc:subfield code="r">大瀬戸豪志著</marc:subfield>
          </marc:datafield>
          <marc:datafield tag="505" ind1="0" ind2="0">
            <marc:subfield code="t">技術取引と独禁法 : 1999年ガイドラインの検討</marc:subfield>
            <marc:subfield code="r">岡田羊祐著</marc:subfield>
          </marc:datafield>
          <marc:datafield tag="505" ind1="0" ind2="0">
            <marc:subfield code="t">TRIPs協定による知的財産権の保護の意義と問題点 : TRIPs協定における属地主義の原則をめぐって</marc:subfield>
            <marc:subfield code="r">木棚照一著</marc:subfield>
          </marc:datafield>
          <marc:datafield tag="505" ind1="0" ind2="0">
            <marc:subfield code="t">特許法改正の現状と課題について : 平成11年改正を中心に</marc:subfield>
            <marc:subfield code="r">熊谷健一著</marc:subfield>
          </marc:datafield>
          <marc:datafield tag="505" ind1="0" ind2="0">
            <marc:subfield code="t">著作権契約はどこまで自由であるべきか : ドイツ法を中心として</marc:subfield>
            <marc:subfield code="r">小泉直樹著</marc:subfield>
          </marc:datafield>
          <marc:datafield tag="505" ind1="0" ind2="0">
            <marc:subfield code="t">意匠法の1998年改正を省みて</marc:subfield>
            <marc:subfield code="r">佐藤恵太著</marc:subfield>
          </marc:datafield>
          <marc:datafield tag="505" ind1="0" ind2="0">
            <marc:subfield code="t">知的財産権のライセンス拒絶と独禁法 : 『技術と競争の法的構造』その後</marc:subfield>
            <marc:subfield code="r">白石忠志著</marc:subfield>
          </marc:datafield>
          <marc:datafield tag="505" ind1="0" ind2="0">
            <marc:subfield code="t">貿易と環境の知的財産的側面</marc:subfield>
            <marc:subfield code="r">高倉成男著</marc:subfield>
          </marc:datafield>
          <marc:datafield tag="505" ind1="0" ind2="0">
            <marc:subfield code="t">民訴法及び特許法の改正と今後の特許権侵害訴訟</marc:subfield>
            <marc:subfield code="r">竹田稔著</marc:subfield>
          </marc:datafield>
          <marc:datafield tag="505" ind1="0" ind2="0">
            <marc:subfield code="t">知的財産保護における損害賠償制度の経済分析</marc:subfield>
            <marc:subfield code="r">長岡貞男著</marc:subfield>
          </marc:datafield>
          <marc:datafield tag="505" ind1="0" ind2="0">
            <marc:subfield code="t">デジタル時代の知的財産権 : 覚書</marc:subfield>
            <marc:subfield code="r">中山信弘著</marc:subfield>
          </marc:datafield>
          <marc:datafield tag="505" ind1="0" ind2="0">
            <marc:subfield code="t">フェティシズムとユーフォリア : 米国「技術と競争」判例にみるミスユースと反トラストの系譜</marc:subfield>
            <marc:subfield code="r">本間忠良著</marc:subfield>
          </marc:datafield>
          <marc:datafield tag="505" ind1="0" ind2="0">
            <marc:subfield code="t">知的財産権と独占禁止法</marc:subfield>
            <marc:subfield code="r">村上政博著</marc:subfield>
          </marc:datafield>
          <marc:datafield tag="505" ind1="0" ind2="0">
            <marc:subfield code="t">A brief history of functional claiming in the United States</marc:subfield>
            <marc:subfield code="r">Randall R. Rader著</marc:subfield>
          </marc:datafield>
          <marc:datafield tag="505" ind1="0" ind2="0">
            <marc:subfield code="t">米国における機能的クレームの歴史</marc:subfield>
            <marc:subfield code="r">Randall R. Rader著 ; 竹中俊子訳</marc:subfield>
          </marc:datafield>
          <marc:datafield tag="505" ind1="0" ind2="0">
            <marc:subfield code="t">Patent valuation and patents statistics</marc:subfield>
            <marc:subfield code="r">Robert H. Pitkethly著</marc:subfield>
          </marc:datafield>
          <marc:datafield tag="505" ind1="0" ind2="0">
            <marc:subfield code="t">特許価値評価と特許統計</marc:subfield>
            <marc:subfield code="r">Robert H. Pitkethly著 ; 知的財産研究所訳</marc:subfield>
          </marc:datafield>
          <marc:datafield tag="650" ind1=" " ind2="7">
            <marc:subfield code="6">880-04</marc:subfield>
            <marc:subfield code="a">知的所有権 -- 記念論文集</marc:subfield>
            <marc:subfield code="2">NDLSH</marc:subfield>
          </marc:datafield>
          <marc:datafield tag="740" ind1="0" ind2=" ">
            <marc:subfield code="a">21世紀における知的財産の展望</marc:subfield>
          </marc:datafield>
          <marc:datafield tag="852" ind1=" " ind2=" ">
            <marc:subfield code="a">九大(FA003454)</marc:subfield>
            <marc:subfield code="k">Aj 02/C/3</marc:subfield>
            <marc:subfield code="m">OTHER</marc:subfield>
            <marc:subfield code="b">Humanities and Social Sciences</marc:subfield>
            <marc:subfield code="x">Research room</marc:subfield>
            <marc:subfield code="j">法 研究室</marc:subfield>
            <marc:subfield code="g">LAW, Research Room</marc:subfield>
            <marc:subfield code="p">015112000018447</marc:subfield>
            <marc:subfield code="f">4841902708</marc:subfield>
            <marc:subfield code="6">2009-11-04</marc:subfield>
            <marc:subfield code="i">CA040006</marc:subfield>
          </marc:datafield>
          <marc:datafield tag="880" ind1="1" ind2=" ">
            <marc:subfield code="6">100-01/$1</marc:subfield>
            <marc:subfield code="a">チテキ ザイサン ケンキュウジョ</marc:subfield>
          </marc:datafield>
          <marc:datafield tag="880" ind1="1" ind2="0">
            <marc:subfield code="6">245-02/$1</marc:subfield>
            <marc:subfield code="a">21セイキ ニオケル チテキ ザイサン ノ テンボウ : チテキ ザイサン ケンキュウジョ 10シュウネン キネン ロンブンシュウ</marc:subfield>
          </marc:datafield>
          <marc:datafield tag="880" ind1="3" ind2="3">
            <marc:subfield code="6">246-03/$1</marc:subfield>
            <marc:subfield code="a">ニジュウイッセイキ ニオケル チテキ ザイサン ノ テンボウ</marc:subfield>
          </marc:datafield>
          <marc:datafield tag="880" ind1=" " ind2="7">
            <marc:subfield code="6">650-04/$1</marc:subfield>
            <marc:subfield code="a">チテキショユウケン -- キネンロンブンシュウ</marc:subfield>
          </marc:datafield>
        </marc:record>
      </metadata>
    </record>