
    <record>
      <header>
        <identifier>oai:carli.illinois.edu:CARLIVoyager2/696</identifier>
        <datestamp>2011-10-21T18:55:54Z</datestamp>
        <setSpec>bib</setSpec>
      </header>
      <metadata>
        <marc:record xmlns:marc="http://www.loc.gov/MARC21/slim" xmlns:xsi="http://www.w3.org/2001/XMLSchema-instance" xsi:schemaLocation="http://www.loc.gov/MARC21/slim http://xc.ilcso.uiuc.edu:8080/OAIToolkit2/schema/MARC21slim_custom.xsd">
          <marc:leader>04693nam a2200697zi 4500</marc:leader>
          <marc:controlfield tag="001">BA46867655</marc:controlfield>
          <marc:controlfield tag="003">NII</marc:controlfield>
          <marc:controlfield tag="005">20110909134350.0</marc:controlfield>
          <marc:controlfield tag="007">ta </marc:controlfield>
          <marc:controlfield tag="008">090915s2000    ja ||||||b||||||||||jpn|d</marc:controlfield>
          <marc:datafield tag="016" ind1="7" ind2=" ">
            <marc:subfield code="a">BA46867655</marc:subfield>
            <marc:subfield code="2">JP-ToKJK</marc:subfield>
          </marc:datafield>
          <marc:datafield tag="020" ind1=" " ind2=" ">
            <marc:subfield code="a">489642008X</marc:subfield>
            <marc:subfield code="c">3200円</marc:subfield>
          </marc:datafield>
          <marc:datafield tag="040" ind1=" " ind2=" ">
            <marc:subfield code="a">NII</marc:subfield>
          </marc:datafield>
          <marc:datafield tag="041" ind1="0" ind2=" ">
            <marc:subfield code="a">jpn</marc:subfield>
          </marc:datafield>
          <marc:datafield tag="044" ind1=" " ind2=" ">
            <marc:subfield code="a">ja</marc:subfield>
            <marc:subfield code="5">NII</marc:subfield>
          </marc:datafield>
          <marc:datafield tag="082" ind1="1" ind2="4">
            <marc:subfield code="a">808.83</marc:subfield>
          </marc:datafield>
          <marc:datafield tag="084" ind1=" " ind2=" ">
            <marc:subfield code="a">989</marc:subfield>
            <marc:subfield code="2">NDC8</marc:subfield>
          </marc:datafield>
          <marc:datafield tag="084" ind1=" " ind2=" ">
            <marc:subfield code="a">989</marc:subfield>
            <marc:subfield code="2">NDC9</marc:subfield>
          </marc:datafield>
          <marc:datafield tag="100" ind1="1" ind2=" ">
            <marc:subfield code="6">880-01</marc:subfield>
            <marc:subfield code="a">小原, 雅俊(1940-)</marc:subfield>
            <marc:subfield code="0">(NII)DA00991470</marc:subfield>
          </marc:datafield>
          <marc:datafield tag="245" ind1="1" ind2="0">
            <marc:subfield code="a">文学の贈物</marc:subfield>
            <marc:subfield code="b">東中欧文学アンソロジー</marc:subfield>
            <marc:subfield code="c">小原雅俊編</marc:subfield>
            <marc:subfield code="6">880-02</marc:subfield>
          </marc:datafield>
          <marc:datafield tag="246" ind1="3" ind2="8">
            <marc:subfield code="6">880-03</marc:subfield>
            <marc:subfield code="a">文学の贈物 : 東中欧文学アンソロジー : ポーランド チェコ スロヴァキア ルーマニア ハンガリー ブルガリア セルビア クロアチア</marc:subfield>
          </marc:datafield>
          <marc:datafield tag="260" ind1=" " ind2=" ">
            <marc:subfield code="a">東京</marc:subfield>
            <marc:subfield code="b">未知谷</marc:subfield>
            <marc:subfield code="c">2000.6</marc:subfield>
          </marc:datafield>
          <marc:datafield tag="300" ind1=" " ind2=" ">
            <marc:subfield code="a">421p</marc:subfield>
            <marc:subfield code="c">20cm</marc:subfield>
          </marc:datafield>
          <marc:datafield tag="505" ind1="0" ind2="0">
            <marc:subfield code="t">輪回し</marc:subfield>
            <marc:subfield code="r">イェジー・フィツォフスキ [著] ; 吉上昭三訳</marc:subfield>
          </marc:datafield>
          <marc:datafield tag="505" ind1="0" ind2="0">
            <marc:subfield code="t">復活祭</marc:subfield>
            <marc:subfield code="r">イェジー・プトゥラーメント [著] ; 内田莉莎子訳</marc:subfield>
          </marc:datafield>
          <marc:datafield tag="505" ind1="0" ind2="0">
            <marc:subfield code="t">挽歌</marc:subfield>
            <marc:subfield code="r">ヤン・コハノフスキ [著] ; 関口時正訳</marc:subfield>
          </marc:datafield>
          <marc:datafield tag="505" ind1="0" ind2="0">
            <marc:subfield code="t">玉葱</marc:subfield>
            <marc:subfield code="r">ヴィスワヴァ・シンボルスカ [著] ; つかだみちこ訳</marc:subfield>
          </marc:datafield>
          <marc:datafield tag="505" ind1="0" ind2="0">
            <marc:subfield code="t">英雄クラクス伝説</marc:subfield>
            <marc:subfield code="r">ブロニスワフ・ヘイドゥク [著] ; 土屋直人訳</marc:subfield>
          </marc:datafield>
          <marc:datafield tag="505" ind1="0" ind2="0">
            <marc:subfield code="t">両性具有者</marc:subfield>
            <marc:subfield code="r">スタニスワフ・プシヴィシェフスキ [著] ; 西野常夫訳</marc:subfield>
          </marc:datafield>
          <marc:datafield tag="505" ind1="0" ind2="0">
            <marc:subfield code="t">新しい恋</marc:subfield>
            <marc:subfield code="r">ヤロスワフ・イヴァシュキェヴィッチ [著] ; 小原いせ子訳</marc:subfield>
          </marc:datafield>
          <marc:datafield tag="505" ind1="0" ind2="0">
            <marc:subfield code="t">シュパンナー教授</marc:subfield>
            <marc:subfield code="r">ゾフィア・ナウコフスカ [著] ; 小原雅俊訳</marc:subfield>
          </marc:datafield>
          <marc:datafield tag="505" ind1="0" ind2="0">
            <marc:subfield code="t">ワルシャワ巡礼記</marc:subfield>
            <marc:subfield code="r">マリア・ドンブロフスカ [著] ; 佐藤昭裕訳</marc:subfield>
          </marc:datafield>
          <marc:datafield tag="505" ind1="0" ind2="0">
            <marc:subfield code="t">三月の雨</marc:subfield>
            <marc:subfield code="r">エヴァ・シェルブルク=ザレンビーナ [著] ; 田村和子訳</marc:subfield>
          </marc:datafield>
          <marc:datafield tag="505" ind1="0" ind2="0">
            <marc:subfield code="t">すぐり</marc:subfield>
            <marc:subfield code="r">ミロスワフ・ジュワフスキ [著] ; 高橋佳代訳</marc:subfield>
          </marc:datafield>
          <marc:datafield tag="505" ind1="0" ind2="0">
            <marc:subfield code="t">朝</marc:subfield>
            <marc:subfield code="r">エドヴァルト・スタフーラ [著] ; 長谷見一雄訳</marc:subfield>
          </marc:datafield>
          <marc:datafield tag="505" ind1="0" ind2="0">
            <marc:subfield code="t">シーダとクジーバ</marc:subfield>
            <marc:subfield code="r">アイザック・バシェヴィス・シンガー [著] ; 西成彦訳</marc:subfield>
          </marc:datafield>
          <marc:datafield tag="505" ind1="0" ind2="0">
            <marc:subfield code="t">一八ニ七年の詩論</marc:subfield>
            <marc:subfield code="r">アダム・ミツキェーヴィチ [著] ; 久山宏一訳</marc:subfield>
          </marc:datafield>
          <marc:datafield tag="505" ind1="0" ind2="0">
            <marc:subfield code="t">『寓話集』より</marc:subfield>
            <marc:subfield code="r">イグナツィ・クラシツキ [著] ; 沼野充義訳</marc:subfield>
          </marc:datafield>
          <marc:datafield tag="505" ind1="0" ind2="0">
            <marc:subfield code="t">犯罪者たちのストライキ</marc:subfield>
            <marc:subfield code="r">ヤロスラフ・ハシェク [著] ; 飯島周訳</marc:subfield>
          </marc:datafield>
          <marc:datafield tag="505" ind1="0" ind2="0">
            <marc:subfield code="t">均衡</marc:subfield>
            <marc:subfield code="r">リハルト・ヴァイネル [著] ; 阿部賢一訳</marc:subfield>
          </marc:datafield>
          <marc:datafield tag="505" ind1="0" ind2="0">
            <marc:subfield code="t">私についてのお伽噺</marc:subfield>
            <marc:subfield code="r">ヨゼフ・チャペック [著] ; 千野榮一訳</marc:subfield>
          </marc:datafield>
          <marc:datafield tag="505" ind1="0" ind2="0">
            <marc:subfield code="t">婚礼のシャツ(幽霊の花嫁)</marc:subfield>
            <marc:subfield code="r">カレル・ヤロミール・エルベン [著] ; 橋本聡訳</marc:subfield>
          </marc:datafield>
          <marc:datafield tag="505" ind1="0" ind2="0">
            <marc:subfield code="t">13番目の黒い馬</marc:subfield>
            <marc:subfield code="r">ヤン・スカーツェル [著] ; 保川亜矢子訳</marc:subfield>
          </marc:datafield>
          <marc:datafield tag="505" ind1="0" ind2="0">
            <marc:subfield code="t">白人とインディアン</marc:subfield>
            <marc:subfield code="r">エドゥアルド・ペチシュカ [著] ; 村上健太訳</marc:subfield>
          </marc:datafield>
          <marc:datafield tag="505" ind1="0" ind2="0">
            <marc:subfield code="t">「ハロー、タクシー!」</marc:subfield>
            <marc:subfield code="r">オタ・パヴェル [著] ; 伊藤涼子訳</marc:subfield>
          </marc:datafield>
          <marc:datafield tag="505" ind1="0" ind2="0">
            <marc:subfield code="t">ミリアム</marc:subfield>
            <marc:subfield code="r">イヴァン・クリーマ [著] ; 坂倉千鶴訳</marc:subfield>
          </marc:datafield>
          <marc:datafield tag="505" ind1="0" ind2="0">
            <marc:subfield code="t">どのように私はドイツ語と英語を学んだか</marc:subfield>
            <marc:subfield code="r">ヨゼフ・シュクヴォレツキー [著] ; 石川達夫訳</marc:subfield>
          </marc:datafield>
          <marc:datafield tag="505" ind1="0" ind2="0">
            <marc:subfield code="t">マグダレーンカとヴァヴリネツじいさん</marc:subfield>
            <marc:subfield code="r">ヨゼフ・ツィーゲル・フロンスキー [著] ; 木村英明訳</marc:subfield>
          </marc:datafield>
          <marc:datafield tag="505" ind1="0" ind2="0">
            <marc:subfield code="t">白犬伝</marc:subfield>
            <marc:subfield code="r">ルドルフ・スロボダ [著] ; 長與進訳</marc:subfield>
          </marc:datafield>
          <marc:datafield tag="505" ind1="0" ind2="0">
            <marc:subfield code="t">イスマイルとトルナビト</marc:subfield>
            <marc:subfield code="r">ウルムズ [著] ; 住谷春也訳</marc:subfield>
          </marc:datafield>
          <marc:datafield tag="505" ind1="0" ind2="0">
            <marc:subfield code="t">新しいタイプの娘たち</marc:subfield>
            <marc:subfield code="r">カフカ・マルギット [著] ; 岩崎悦子訳</marc:subfield>
          </marc:datafield>
          <marc:datafield tag="505" ind1="0" ind2="0">
            <marc:subfield code="t">回想-抄-</marc:subfield>
            <marc:subfield code="r">ニコラ・オブレテノフ [著] ; 寺島憲治訳</marc:subfield>
          </marc:datafield>
          <marc:datafield tag="505" ind1="0" ind2="0">
            <marc:subfield code="t">泣き方講座</marc:subfield>
            <marc:subfield code="r">ドゥシャン・ラードヴィッチ [著] ; 中島由美訳</marc:subfield>
          </marc:datafield>
          <marc:datafield tag="505" ind1="0" ind2="0">
            <marc:subfield code="t">短詩</marc:subfield>
            <marc:subfield code="r">スルバ・ミトロヴィチ [著] ; 田中一生訳</marc:subfield>
          </marc:datafield>
          <marc:datafield tag="505" ind1="0" ind2="0">
            <marc:subfield code="t">ストリボールの森</marc:subfield>
            <marc:subfield code="r">イヴァーナ・ブルリッチ=マジュラニッチ [著] ; 栗原成郎訳</marc:subfield>
          </marc:datafield>
          <marc:datafield tag="740" ind1="0" ind2=" ">
            <marc:subfield code="a">文学の贈物</marc:subfield>
          </marc:datafield>
          <marc:datafield tag="852" ind1=" " ind2=" ">
            <marc:subfield code="a">九大理系(FA02289X)</marc:subfield>
            <marc:subfield code="k">989/Ko 27/50000521</marc:subfield>
            <marc:subfield code="m">NDC</marc:subfield>
            <marc:subfield code="b">Ito</marc:subfield>
            <marc:subfield code="x">Library</marc:subfield>
            <marc:subfield code="j">伊都中央 2F開架</marc:subfield>
            <marc:subfield code="g">ItoChuo 2F Open Stacks</marc:subfield>
            <marc:subfield code="p">050112000005214</marc:subfield>
            <marc:subfield code="f">489642008X</marc:subfield>
            <marc:subfield code="6">2000-10-06</marc:subfield>
            <marc:subfield code="i">OQ991000</marc:subfield>
          </marc:datafield>
          <marc:datafield tag="880" ind1="1" ind2=" ">
            <marc:subfield code="6">100-01/$1</marc:subfield>
            <marc:subfield code="a">コハラ, マサトシ</marc:subfield>
          </marc:datafield>
          <marc:datafield tag="880" ind1="1" ind2="0">
            <marc:subfield code="6">245-02/$1</marc:subfield>
            <marc:subfield code="a">ブンガク ノ オクリモノ : トウチュウオウ ブンガク アンソロジー</marc:subfield>
          </marc:datafield>
          <marc:datafield tag="880" ind1="3" ind2="8">
            <marc:subfield code="6">246-03/$1</marc:subfield>
            <marc:subfield code="a">ブンガク ノ オクリモノ : トウチュウオウ ブンガク アンソロジー : ポーランド チェコ スロヴァキア ルーマニア ハンガリー ブルガリア セルビア クロアチア</marc:subfield>
          </marc:datafield>
        </marc:record>
      </metadata>
    </record>