
    <record>
      <header>
        <identifier>oai:carli.illinois.edu:CARLIVoyager2/720</identifier>
        <datestamp>2011-10-21T18:55:54Z</datestamp>
        <setSpec>bib</setSpec>
      </header>
      <metadata>
        <marc:record xmlns:marc="http://www.loc.gov/MARC21/slim" xmlns:xsi="http://www.w3.org/2001/XMLSchema-instance" xsi:schemaLocation="http://www.loc.gov/MARC21/slim http://xc.ilcso.uiuc.edu:8080/OAIToolkit2/schema/MARC21slim_custom.xsd">
          <marc:leader>01717nam a2200277zi 4500</marc:leader>
          <marc:controlfield tag="001">BA48201876</marc:controlfield>
          <marc:controlfield tag="003">NII</marc:controlfield>
          <marc:controlfield tag="005">20110909134355.0</marc:controlfield>
          <marc:controlfield tag="007">ta </marc:controlfield>
          <marc:controlfield tag="008">090915s2000    ja ||||||b||||||||||jpn|d</marc:controlfield>
          <marc:datafield tag="016" ind1="7" ind2=" ">
            <marc:subfield code="a">BA48201876</marc:subfield>
            <marc:subfield code="2">JP-ToKJK</marc:subfield>
          </marc:datafield>
          <marc:datafield tag="040" ind1=" " ind2=" ">
            <marc:subfield code="a">NII</marc:subfield>
          </marc:datafield>
          <marc:datafield tag="041" ind1="0" ind2=" ">
            <marc:subfield code="a">jpn</marc:subfield>
            <marc:subfield code="a">eng</marc:subfield>
          </marc:datafield>
          <marc:datafield tag="044" ind1=" " ind2=" ">
            <marc:subfield code="a">ja</marc:subfield>
            <marc:subfield code="5">NII</marc:subfield>
          </marc:datafield>
          <marc:datafield tag="100" ind1="1" ind2=" ">
            <marc:subfield code="6">880-01</marc:subfield>
            <marc:subfield code="a">村上, 輝夫</marc:subfield>
            <marc:subfield code="0">(NII)DA11438546</marc:subfield>
          </marc:datafield>
          <marc:datafield tag="245" ind1="1" ind2="0">
            <marc:subfield code="a">生体材料・生体組織のバイオメカニクスに関する連携的研究</marc:subfield>
            <marc:subfield code="c">研究代表者村上輝夫</marc:subfield>
            <marc:subfield code="6">880-02</marc:subfield>
          </marc:datafield>
          <marc:datafield tag="246" ind1="3" ind2="3">
            <marc:subfield code="6">880-03</marc:subfield>
            <marc:subfield code="a">平成10年度〜平成11年度九州大学教育研究プログラム・研究拠点形成プロジェクト(P&amp;P)Bタイプ研究成果報告書</marc:subfield>
          </marc:datafield>
          <marc:datafield tag="260" ind1=" " ind2=" ">
            <marc:subfield code="a">[福岡]</marc:subfield>
            <marc:subfield code="b">[九州大学]</marc:subfield>
            <marc:subfield code="c">2000.3</marc:subfield>
          </marc:datafield>
          <marc:datafield tag="300" ind1=" " ind2=" ">
            <marc:subfield code="a">164p</marc:subfield>
            <marc:subfield code="c">30cm</marc:subfield>
          </marc:datafield>
          <marc:datafield tag="500" ind1=" " ind2=" ">
            <marc:subfield code="a">九州大学P&amp;P研究成果報告書平成11年度終了課題Bタイプ:10054</marc:subfield>
          </marc:datafield>
          <marc:datafield tag="740" ind1="0" ind2=" ">
            <marc:subfield code="a">生体材料・生体組織のバイオメカニクスに関する連携的研究</marc:subfield>
          </marc:datafield>
          <marc:datafield tag="852" ind1=" " ind2=" ">
            <marc:subfield code="a">九大(FA003454)</marc:subfield>
            <marc:subfield code="k">P&amp;P報告/九州大学/10054</marc:subfield>
            <marc:subfield code="m">NDC</marc:subfield>
            <marc:subfield code="b">Central</marc:subfield>
            <marc:subfield code="x">Library</marc:subfield>
            <marc:subfield code="j">中図 科研費報告書</marc:subfield>
            <marc:subfield code="g">CENTRAL LIBRARY</marc:subfield>
            <marc:subfield code="p">003122000012236</marc:subfield>
            <marc:subfield code="6">2000-09-20</marc:subfield>
            <marc:subfield code="i">OA116000</marc:subfield>
          </marc:datafield>
          <marc:datafield tag="880" ind1="1" ind2=" ">
            <marc:subfield code="6">100-01/$1</marc:subfield>
            <marc:subfield code="a">ムラカミ, テルオ</marc:subfield>
          </marc:datafield>
          <marc:datafield tag="880" ind1="1" ind2="0">
            <marc:subfield code="6">245-02/$1</marc:subfield>
            <marc:subfield code="a">セイタイ ザイリョウ セイタイ ソシキ ノ バイオメカニクス ニ カンスル レンケイテキ ケンキュウ</marc:subfield>
          </marc:datafield>
          <marc:datafield tag="880" ind1="3" ind2="3">
            <marc:subfield code="6">246-03/$1</marc:subfield>
            <marc:subfield code="a">ヘイセイ 10ネンド ヘイセイ 11ネンド キュウシュウ ダイガク キョウイク ケンキュウ プログラム ケンキュウ キョテン ケイセイ プロジェクト P&amp;P Bタイプ ケンキュウ セイカ ホウコクショ</marc:subfield>
          </marc:datafield>
        </marc:record>
      </metadata>
    </record>