
    <record>
      <header>
        <identifier>oai:carli.illinois.edu:CARLIVoyager2/744</identifier>
        <datestamp>2011-10-21T18:55:54Z</datestamp>
        <setSpec>bib</setSpec>
      </header>
      <metadata>
        <marc:record xmlns:marc="http://www.loc.gov/MARC21/slim" xmlns:xsi="http://www.w3.org/2001/XMLSchema-instance" xsi:schemaLocation="http://www.loc.gov/MARC21/slim http://xc.ilcso.uiuc.edu:8080/OAIToolkit2/schema/MARC21slim_custom.xsd">
          <marc:leader>01229nam a2200325zi 4500</marc:leader>
          <marc:controlfield tag="001">BA50854056</marc:controlfield>
          <marc:controlfield tag="003">NII</marc:controlfield>
          <marc:controlfield tag="005">20110909134401.0</marc:controlfield>
          <marc:controlfield tag="007">ta </marc:controlfield>
          <marc:controlfield tag="008">090915s1890    ja ||||||b||||||||||jpn|d</marc:controlfield>
          <marc:datafield tag="015" ind1=" " ind2=" ">
            <marc:subfield code="a">JP40044221</marc:subfield>
            <marc:subfield code="2">kktzm</marc:subfield>
          </marc:datafield>
          <marc:datafield tag="016" ind1="7" ind2=" ">
            <marc:subfield code="a">BA50854056</marc:subfield>
            <marc:subfield code="2">JP-ToKJK</marc:subfield>
          </marc:datafield>
          <marc:datafield tag="040" ind1=" " ind2=" ">
            <marc:subfield code="a">NII</marc:subfield>
          </marc:datafield>
          <marc:datafield tag="041" ind1="0" ind2=" ">
            <marc:subfield code="a">jpn</marc:subfield>
          </marc:datafield>
          <marc:datafield tag="044" ind1=" " ind2=" ">
            <marc:subfield code="a">ja</marc:subfield>
            <marc:subfield code="5">NII</marc:subfield>
          </marc:datafield>
          <marc:datafield tag="084" ind1=" " ind2=" ">
            <marc:subfield code="a">180</marc:subfield>
            <marc:subfield code="2">NDC6</marc:subfield>
          </marc:datafield>
          <marc:datafield tag="100" ind1="1" ind2=" ">
            <marc:subfield code="6">880-01</marc:subfield>
            <marc:subfield code="a">村上, 専精(1851-1929)</marc:subfield>
            <marc:subfield code="0">(NII)DA07131663</marc:subfield>
          </marc:datafield>
          <marc:datafield tag="245" ind1="1" ind2="0">
            <marc:subfield code="a">佛教一貫論</marc:subfield>
            <marc:subfield code="c">村上専精著</marc:subfield>
            <marc:subfield code="6">880-02</marc:subfield>
          </marc:datafield>
          <marc:datafield tag="246" ind1="3" ind2="3">
            <marc:subfield code="6">880-03</marc:subfield>
            <marc:subfield code="a">日本佛教一貫論</marc:subfield>
          </marc:datafield>
          <marc:datafield tag="246" ind1="3" ind2="3">
            <marc:subfield code="6">880-04</marc:subfield>
            <marc:subfield code="a">仏教一貫論</marc:subfield>
          </marc:datafield>
          <marc:datafield tag="260" ind1=" " ind2=" ">
            <marc:subfield code="a">東京</marc:subfield>
            <marc:subfield code="b">哲學書院</marc:subfield>
            <marc:subfield code="c">1890.1</marc:subfield>
          </marc:datafield>
          <marc:datafield tag="300" ind1=" " ind2=" ">
            <marc:subfield code="a">4, 2, 158p</marc:subfield>
            <marc:subfield code="c">19cm</marc:subfield>
          </marc:datafield>
          <marc:datafield tag="500" ind1=" " ind2=" ">
            <marc:subfield code="a">本文巻頭・巻末書名: 日本佛教一貫論</marc:subfield>
          </marc:datafield>
          <marc:datafield tag="740" ind1="0" ind2=" ">
            <marc:subfield code="a">佛教一貫論</marc:subfield>
          </marc:datafield>
          <marc:datafield tag="852" ind1=" " ind2=" ">
            <marc:subfield code="a">九大(FA003454)</marc:subfield>
            <marc:subfield code="k">国史/8B/53</marc:subfield>
            <marc:subfield code="m">OTHER</marc:subfield>
            <marc:subfield code="b">Humanities and Social Sciences</marc:subfield>
            <marc:subfield code="c">***遡及PA2002 95772</marc:subfield>
            <marc:subfield code="x">Library</marc:subfield>
            <marc:subfield code="j">文 国史共通</marc:subfield>
            <marc:subfield code="g">LETTERS, Japanese History</marc:subfield>
            <marc:subfield code="p">005132002070956</marc:subfield>
            <marc:subfield code="6">2002-05-20</marc:subfield>
            <marc:subfield code="i">AA201000</marc:subfield>
          </marc:datafield>
          <marc:datafield tag="880" ind1="1" ind2=" ">
            <marc:subfield code="6">100-01/$1</marc:subfield>
            <marc:subfield code="a">ムラカミ, センジョウ</marc:subfield>
          </marc:datafield>
          <marc:datafield tag="880" ind1="1" ind2="0">
            <marc:subfield code="6">245-02/$1</marc:subfield>
            <marc:subfield code="a">ブッキョウ イッカンロン</marc:subfield>
          </marc:datafield>
          <marc:datafield tag="880" ind1="3" ind2="3">
            <marc:subfield code="6">246-03/$1</marc:subfield>
            <marc:subfield code="a">ニホン ブッキョウ イッカンロン</marc:subfield>
          </marc:datafield>
          <marc:datafield tag="880" ind1="3" ind2="3">
            <marc:subfield code="6">246-04/$1</marc:subfield>
            <marc:subfield code="a">ブッキョウ イッカン ロン</marc:subfield>
          </marc:datafield>
        </marc:record>
      </metadata>
    </record>