
    <record>
      <header>
        <identifier>oai:carli.illinois.edu:CARLIVoyager2/749</identifier>
        <datestamp>2011-10-21T18:55:54Z</datestamp>
        <setSpec>bib</setSpec>
      </header>
      <metadata>
        <marc:record xmlns:marc="http://www.loc.gov/MARC21/slim" xmlns:xsi="http://www.w3.org/2001/XMLSchema-instance" xsi:schemaLocation="http://www.loc.gov/MARC21/slim http://xc.ilcso.uiuc.edu:8080/OAIToolkit2/schema/MARC21slim_custom.xsd">
          <marc:leader>02114nam a2200421zi 4500</marc:leader>
          <marc:controlfield tag="001">BA51469855</marc:controlfield>
          <marc:controlfield tag="003">NII</marc:controlfield>
          <marc:controlfield tag="005">20110909134403.0</marc:controlfield>
          <marc:controlfield tag="007">ta </marc:controlfield>
          <marc:controlfield tag="008">091102s2001    ja ||||||b||||||||||jpn|d</marc:controlfield>
          <marc:datafield tag="016" ind1="7" ind2=" ">
            <marc:subfield code="a">BA51469855</marc:subfield>
            <marc:subfield code="2">JP-ToKJK</marc:subfield>
          </marc:datafield>
          <marc:datafield tag="020" ind1=" " ind2=" ">
            <marc:subfield code="a">4895858774</marc:subfield>
            <marc:subfield code="c">2400円</marc:subfield>
          </marc:datafield>
          <marc:datafield tag="040" ind1=" " ind2=" ">
            <marc:subfield code="a">NII</marc:subfield>
          </marc:datafield>
          <marc:datafield tag="041" ind1="0" ind2=" ">
            <marc:subfield code="a">jpn</marc:subfield>
          </marc:datafield>
          <marc:datafield tag="044" ind1=" " ind2=" ">
            <marc:subfield code="a">ja</marc:subfield>
            <marc:subfield code="5">NII</marc:subfield>
          </marc:datafield>
          <marc:datafield tag="084" ind1=" " ind2=" ">
            <marc:subfield code="a">007.6</marc:subfield>
            <marc:subfield code="2">NDC8</marc:subfield>
          </marc:datafield>
          <marc:datafield tag="084" ind1=" " ind2=" ">
            <marc:subfield code="a">007.6</marc:subfield>
            <marc:subfield code="2">NDC9</marc:subfield>
          </marc:datafield>
          <marc:datafield tag="100" ind1="1" ind2=" ">
            <marc:subfield code="a">Izzo, John</marc:subfield>
          </marc:datafield>
          <marc:datafield tag="100" ind1="1" ind2=" ">
            <marc:subfield code="6">880-01</marc:subfield>
            <marc:subfield code="a">村上, 隆則</marc:subfield>
          </marc:datafield>
          <marc:datafield tag="245" ind1="1" ind2="0">
            <marc:subfield code="a">ITエンジニアのための英文テクニカルライティング</marc:subfield>
            <marc:subfield code="b">メールから技術論文まで</marc:subfield>
            <marc:subfield code="c">ジョン・イゾー著 ; 村上隆則訳</marc:subfield>
            <marc:subfield code="6">880-02</marc:subfield>
          </marc:datafield>
          <marc:datafield tag="246" ind1="3" ind2="3">
            <marc:subfield code="6">880-03</marc:subfield>
            <marc:subfield code="a">英文テクニカルライティング</marc:subfield>
          </marc:datafield>
          <marc:datafield tag="246" ind1="3" ind2="3">
            <marc:subfield code="6">880-04</marc:subfield>
            <marc:subfield code="a">英文テクニカルライティング : ITエンジニアのための : メールから技術論文まで</marc:subfield>
          </marc:datafield>
          <marc:datafield tag="260" ind1=" " ind2=" ">
            <marc:subfield code="a">東京</marc:subfield>
            <marc:subfield code="b">マクミランランゲージハウス</marc:subfield>
            <marc:subfield code="c">2001.3</marc:subfield>
          </marc:datafield>
          <marc:datafield tag="300" ind1=" " ind2=" ">
            <marc:subfield code="a">viii, 199p</marc:subfield>
            <marc:subfield code="c">21cm</marc:subfield>
          </marc:datafield>
          <marc:datafield tag="500" ind1=" " ind2=" ">
            <marc:subfield code="a">ISBNはカバーより</marc:subfield>
          </marc:datafield>
          <marc:datafield tag="650" ind1=" " ind2="7">
            <marc:subfield code="6">880-05</marc:subfield>
            <marc:subfield code="a">電子計算機</marc:subfield>
            <marc:subfield code="2">BSH</marc:subfield>
          </marc:datafield>
          <marc:datafield tag="650" ind1=" " ind2="7">
            <marc:subfield code="6">880-06</marc:subfield>
            <marc:subfield code="a">工業英語</marc:subfield>
            <marc:subfield code="2">BSH</marc:subfield>
          </marc:datafield>
          <marc:datafield tag="650" ind1=" " ind2="7">
            <marc:subfield code="6">880-07</marc:subfield>
            <marc:subfield code="a">英語(科学技術用)</marc:subfield>
            <marc:subfield code="2">NDLSH</marc:subfield>
          </marc:datafield>
          <marc:datafield tag="740" ind1="0" ind2=" ">
            <marc:subfield code="a">ITエンジニアのための英文テクニカルライティング</marc:subfield>
          </marc:datafield>
          <marc:datafield tag="852" ind1=" " ind2=" ">
            <marc:subfield code="a">九大(FA003454)</marc:subfield>
            <marc:subfield code="k">007.6/I 99</marc:subfield>
            <marc:subfield code="m">NDC</marc:subfield>
            <marc:subfield code="b">Central</marc:subfield>
            <marc:subfield code="x">Library</marc:subfield>
            <marc:subfield code="j">中図 開架閲覧室</marc:subfield>
            <marc:subfield code="g">CENTRAL LIBRARY Reading Room</marc:subfield>
            <marc:subfield code="p">003112009009052</marc:subfield>
            <marc:subfield code="f">4895858774</marc:subfield>
            <marc:subfield code="6">2009-08-27</marc:subfield>
            <marc:subfield code="i">OA111000</marc:subfield>
          </marc:datafield>
          <marc:datafield tag="880" ind1="1" ind2=" ">
            <marc:subfield code="6">100-01/$1</marc:subfield>
            <marc:subfield code="a">ムラカミ, タカノリ</marc:subfield>
          </marc:datafield>
          <marc:datafield tag="880" ind1="1" ind2="0">
            <marc:subfield code="6">245-02/$1</marc:subfield>
            <marc:subfield code="a">IT エンジニア ノ タメノ エイブン テクニカル ライティング : メール カラ ギジュツ ロンブン マデ</marc:subfield>
          </marc:datafield>
          <marc:datafield tag="880" ind1="3" ind2="3">
            <marc:subfield code="6">246-03/$1</marc:subfield>
            <marc:subfield code="a">エイブン テクニカル ライティング</marc:subfield>
          </marc:datafield>
          <marc:datafield tag="880" ind1="3" ind2="3">
            <marc:subfield code="6">246-04/$1</marc:subfield>
            <marc:subfield code="a">エイブン テクニカル ライティング : IT エンジニア ノ タメノ : メール カラ ギジュツ ロンブン マデ</marc:subfield>
          </marc:datafield>
          <marc:datafield tag="880" ind1=" " ind2="7">
            <marc:subfield code="6">650-05/$1</marc:subfield>
            <marc:subfield code="a">デンシケイサンキ</marc:subfield>
          </marc:datafield>
          <marc:datafield tag="880" ind1=" " ind2="7">
            <marc:subfield code="6">650-06/$1</marc:subfield>
            <marc:subfield code="a">コウギョウエイゴ</marc:subfield>
          </marc:datafield>
          <marc:datafield tag="880" ind1=" " ind2="7">
            <marc:subfield code="6">650-07/$1</marc:subfield>
            <marc:subfield code="a">エイゴ(カガクギジュツヨウ)</marc:subfield>
          </marc:datafield>
        </marc:record>
      </metadata>
    </record>