
    <record>
      <header>
        <identifier>oai:carli.illinois.edu:CARLIVoyager2/752</identifier>
        <datestamp>2011-10-21T18:55:54Z</datestamp>
        <setSpec>bib</setSpec>
      </header>
      <metadata>
        <marc:record xmlns:marc="http://www.loc.gov/MARC21/slim" xmlns:xsi="http://www.w3.org/2001/XMLSchema-instance" xsi:schemaLocation="http://www.loc.gov/MARC21/slim http://xc.ilcso.uiuc.edu:8080/OAIToolkit2/schema/MARC21slim_custom.xsd">
          <marc:leader>02041nam a2200301zi 4500</marc:leader>
          <marc:controlfield tag="001">BA51587716</marc:controlfield>
          <marc:controlfield tag="003">NII</marc:controlfield>
          <marc:controlfield tag="005">20110909134403.0</marc:controlfield>
          <marc:controlfield tag="007">ta </marc:controlfield>
          <marc:controlfield tag="008">090915s1992    ja ||||||b||||||||||jpn|d</marc:controlfield>
          <marc:datafield tag="016" ind1="7" ind2=" ">
            <marc:subfield code="a">BA51587716</marc:subfield>
            <marc:subfield code="2">JP-ToKJK</marc:subfield>
          </marc:datafield>
          <marc:datafield tag="040" ind1=" " ind2=" ">
            <marc:subfield code="a">NII</marc:subfield>
          </marc:datafield>
          <marc:datafield tag="041" ind1="0" ind2=" ">
            <marc:subfield code="a">jpn</marc:subfield>
            <marc:subfield code="a">eng</marc:subfield>
          </marc:datafield>
          <marc:datafield tag="044" ind1=" " ind2=" ">
            <marc:subfield code="a">ja</marc:subfield>
            <marc:subfield code="5">NII</marc:subfield>
          </marc:datafield>
          <marc:datafield tag="100" ind1="1" ind2=" ">
            <marc:subfield code="6">880-01</marc:subfield>
            <marc:subfield code="a">村上, 泰弘(1933-)</marc:subfield>
            <marc:subfield code="0">(NII)DA0518998X</marc:subfield>
          </marc:datafield>
          <marc:datafield tag="245" ind1="1" ind2="0">
            <marc:subfield code="a">超微粒子混練用ロールミル内の粒子の流動機構の解明とミルの連続自動化システムの開発</marc:subfield>
            <marc:subfield code="c">研究代表者村上泰弘</marc:subfield>
            <marc:subfield code="6">880-02</marc:subfield>
          </marc:datafield>
          <marc:datafield tag="246" ind1="3" ind2="3">
            <marc:subfield code="6">880-03</marc:subfield>
            <marc:subfield code="a">平成3年度科学研究費補助金(一般研究C)研究成果報告書(研究課題番号02650694)</marc:subfield>
          </marc:datafield>
          <marc:datafield tag="260" ind1=" " ind2=" ">
            <marc:subfield code="a">[福岡]</marc:subfield>
            <marc:subfield code="b">[九州大学]</marc:subfield>
            <marc:subfield code="c">1992.3</marc:subfield>
          </marc:datafield>
          <marc:datafield tag="300" ind1=" " ind2=" ">
            <marc:subfield code="a">10p</marc:subfield>
            <marc:subfield code="c">26cm</marc:subfield>
          </marc:datafield>
          <marc:datafield tag="490" ind1="0" ind2=" ">
            <marc:subfield code="6">880-04</marc:subfield>
            <marc:subfield code="a">科学研究費補助金(一般研究C)研究成果報告書</marc:subfield>
            <marc:subfield code="3">BN03663735</marc:subfield>
            <marc:subfield code="v">平成3年度</marc:subfield>
          </marc:datafield>
          <marc:datafield tag="740" ind1="0" ind2=" ">
            <marc:subfield code="a">超微粒子混練用ロールミル内の粒子の流動機構の解明とミルの連続自動化システムの開発</marc:subfield>
          </marc:datafield>
          <marc:datafield tag="830" ind1=" " ind2=" ">
            <marc:subfield code="w">BN03663735</marc:subfield>
          </marc:datafield>
          <marc:datafield tag="852" ind1=" " ind2=" ">
            <marc:subfield code="a">九大(FA003454)</marc:subfield>
            <marc:subfield code="k">科研報告書/九州大学/02650694</marc:subfield>
            <marc:subfield code="m">NDC</marc:subfield>
            <marc:subfield code="b">Central</marc:subfield>
            <marc:subfield code="x">Library</marc:subfield>
            <marc:subfield code="j">中図 科研費報告書</marc:subfield>
            <marc:subfield code="g">CENTRAL LIBRARY</marc:subfield>
            <marc:subfield code="p">003112001000813</marc:subfield>
            <marc:subfield code="6">2001-05-02</marc:subfield>
            <marc:subfield code="i">OA116000</marc:subfield>
          </marc:datafield>
          <marc:datafield tag="880" ind1="1" ind2=" ">
            <marc:subfield code="6">100-01/$1</marc:subfield>
            <marc:subfield code="a">ムラカミ, ヤスヒロ</marc:subfield>
          </marc:datafield>
          <marc:datafield tag="880" ind1="1" ind2="0">
            <marc:subfield code="6">245-02/$1</marc:subfield>
            <marc:subfield code="a">チョウビリュウシ コンレンヨウ ロール ミルナイ ノ リュウシ ノ リュウドウ キコウ ノ カイメイ ト ミル ノ レンゾク ジドウカ システム ノ カイハツ</marc:subfield>
          </marc:datafield>
          <marc:datafield tag="880" ind1="3" ind2="3">
            <marc:subfield code="6">246-03/$1</marc:subfield>
            <marc:subfield code="a">ヘイセイ 3ネンド カガク ケンキュウヒ ホジョキン イッパン ケンキュウ C ケンキュウ セイカ ホウコクショ ケンキュウ カダイ バンゴウ 02650694</marc:subfield>
          </marc:datafield>
          <marc:datafield tag="880" ind1="0" ind2=" ">
            <marc:subfield code="6">490-04/$1</marc:subfield>
            <marc:subfield code="a">カガク ケンキュウヒ ホジョキン イッパン ケンキュウ C ケンキュウ セイカ ホウコクショ</marc:subfield>
          </marc:datafield>
        </marc:record>
      </metadata>
    </record>