
    <record>
      <header>
        <identifier>oai:carli.illinois.edu:CARLIVoyager2/767</identifier>
        <datestamp>2011-10-21T18:55:54Z</datestamp>
        <setSpec>bib</setSpec>
      </header>
      <metadata>
        <marc:record xmlns:marc="http://www.loc.gov/MARC21/slim" xmlns:xsi="http://www.w3.org/2001/XMLSchema-instance" xsi:schemaLocation="http://www.loc.gov/MARC21/slim http://xc.ilcso.uiuc.edu:8080/OAIToolkit2/schema/MARC21slim_custom.xsd">
          <marc:leader>01217nam a2200289zi 4500</marc:leader>
          <marc:controlfield tag="001">BA52424568</marc:controlfield>
          <marc:controlfield tag="003">NII</marc:controlfield>
          <marc:controlfield tag="005">20110909134407.0</marc:controlfield>
          <marc:controlfield tag="007">ta </marc:controlfield>
          <marc:controlfield tag="008">090915s1943    ja ||||||b||||||||||jpn|d</marc:controlfield>
          <marc:datafield tag="015" ind1=" " ind2=" ">
            <marc:subfield code="a">JP46021315</marc:subfield>
            <marc:subfield code="2">kktzm</marc:subfield>
          </marc:datafield>
          <marc:datafield tag="016" ind1="7" ind2=" ">
            <marc:subfield code="a">BA52424568</marc:subfield>
            <marc:subfield code="2">JP-ToKJK</marc:subfield>
          </marc:datafield>
          <marc:datafield tag="040" ind1=" " ind2=" ">
            <marc:subfield code="a">NII</marc:subfield>
          </marc:datafield>
          <marc:datafield tag="041" ind1="0" ind2=" ">
            <marc:subfield code="a">jpn</marc:subfield>
          </marc:datafield>
          <marc:datafield tag="044" ind1=" " ind2=" ">
            <marc:subfield code="a">ja</marc:subfield>
            <marc:subfield code="5">NII</marc:subfield>
          </marc:datafield>
          <marc:datafield tag="084" ind1=" " ind2=" ">
            <marc:subfield code="a">651</marc:subfield>
            <marc:subfield code="2">NDC6</marc:subfield>
          </marc:datafield>
          <marc:datafield tag="100" ind1="1" ind2=" ">
            <marc:subfield code="6">880-01</marc:subfield>
            <marc:subfield code="a">村上, 松行</marc:subfield>
          </marc:datafield>
          <marc:datafield tag="245" ind1="1" ind2="0">
            <marc:subfield code="a">森林組合関係法令要綱</marc:subfield>
            <marc:subfield code="c">村上松行著</marc:subfield>
            <marc:subfield code="6">880-02</marc:subfield>
          </marc:datafield>
          <marc:datafield tag="260" ind1=" " ind2=" ">
            <marc:subfield code="a">東京</marc:subfield>
            <marc:subfield code="b">帝国産業出版社</marc:subfield>
            <marc:subfield code="c">1943</marc:subfield>
          </marc:datafield>
          <marc:datafield tag="300" ind1=" " ind2=" ">
            <marc:subfield code="a">204p</marc:subfield>
            <marc:subfield code="c">19cm</marc:subfield>
          </marc:datafield>
          <marc:datafield tag="500" ind1=" " ind2=" ">
            <marc:subfield code="a">***遡及データによる流用入力である</marc:subfield>
          </marc:datafield>
          <marc:datafield tag="740" ind1="0" ind2=" ">
            <marc:subfield code="a">森林組合関係法令要綱</marc:subfield>
          </marc:datafield>
          <marc:datafield tag="852" ind1=" " ind2=" ">
            <marc:subfield code="a">九大(FA003454)</marc:subfield>
            <marc:subfield code="k">Gj 63/M/8</marc:subfield>
            <marc:subfield code="m">OTHER</marc:subfield>
            <marc:subfield code="b">Humanities and Social Sciences</marc:subfield>
            <marc:subfield code="c">***遡及PA2001 159352</marc:subfield>
            <marc:subfield code="x">Library</marc:subfield>
            <marc:subfield code="j">法</marc:subfield>
            <marc:subfield code="g">LAW Library</marc:subfield>
            <marc:subfield code="p">015132001083765</marc:subfield>
            <marc:subfield code="6">2003-01-28</marc:subfield>
            <marc:subfield code="i">CA000000</marc:subfield>
          </marc:datafield>
          <marc:datafield tag="852" ind1=" " ind2=" ">
            <marc:subfield code="a">九大(FA003454)</marc:subfield>
            <marc:subfield code="k">651.6/Mu 43/s</marc:subfield>
            <marc:subfield code="m">NDC</marc:subfield>
            <marc:subfield code="b">Central</marc:subfield>
            <marc:subfield code="c">***遡及PA2002 12718 林学</marc:subfield>
            <marc:subfield code="x">Research room</marc:subfield>
            <marc:subfield code="j">農 森林政策学</marc:subfield>
            <marc:subfield code="g">AGRICULTURE</marc:subfield>
            <marc:subfield code="p">034132002052396</marc:subfield>
            <marc:subfield code="6">2003-02-10</marc:subfield>
            <marc:subfield code="i">JA072503</marc:subfield>
          </marc:datafield>
          <marc:datafield tag="880" ind1="1" ind2=" ">
            <marc:subfield code="6">100-01/$1</marc:subfield>
            <marc:subfield code="a">ムラカミ, マツユキ</marc:subfield>
          </marc:datafield>
          <marc:datafield tag="880" ind1="1" ind2="0">
            <marc:subfield code="6">245-02/$1</marc:subfield>
            <marc:subfield code="a">シンリン クミアイ カンケイ ホウレイ ヨウコウ</marc:subfield>
          </marc:datafield>
        </marc:record>
      </metadata>
    </record>