
    <record>
      <header>
        <identifier>oai:carli.illinois.edu:CARLIVoyager2/777</identifier>
        <datestamp>2011-10-21T18:55:54Z</datestamp>
        <setSpec>bib</setSpec>
      </header>
      <metadata>
        <marc:record xmlns:marc="http://www.loc.gov/MARC21/slim" xmlns:xsi="http://www.w3.org/2001/XMLSchema-instance" xsi:schemaLocation="http://www.loc.gov/MARC21/slim http://xc.ilcso.uiuc.edu:8080/OAIToolkit2/schema/MARC21slim_custom.xsd">
          <marc:leader>02002nam a2200421zi 4500</marc:leader>
          <marc:controlfield tag="001">BA53476024</marc:controlfield>
          <marc:controlfield tag="003">NII</marc:controlfield>
          <marc:controlfield tag="005">20110909134409.0</marc:controlfield>
          <marc:controlfield tag="007">ta </marc:controlfield>
          <marc:controlfield tag="008">090918s2001    ja ||||||b||||||||||jpn|d</marc:controlfield>
          <marc:datafield tag="016" ind1="7" ind2=" ">
            <marc:subfield code="a">BA53476024</marc:subfield>
            <marc:subfield code="2">JP-ToKJK</marc:subfield>
          </marc:datafield>
          <marc:datafield tag="040" ind1=" " ind2=" ">
            <marc:subfield code="a">NII</marc:subfield>
          </marc:datafield>
          <marc:datafield tag="041" ind1="0" ind2=" ">
            <marc:subfield code="a">jpn</marc:subfield>
            <marc:subfield code="a">eng</marc:subfield>
          </marc:datafield>
          <marc:datafield tag="044" ind1=" " ind2=" ">
            <marc:subfield code="a">ja</marc:subfield>
            <marc:subfield code="5">NII</marc:subfield>
          </marc:datafield>
          <marc:datafield tag="100" ind1="1" ind2=" ">
            <marc:subfield code="6">880-01</marc:subfield>
            <marc:subfield code="a">京都大学数理解析研究所</marc:subfield>
            <marc:subfield code="0">(NII)DA00277933</marc:subfield>
          </marc:datafield>
          <marc:datafield tag="100" ind1="1" ind2=" ">
            <marc:subfield code="6">880-02</marc:subfield>
            <marc:subfield code="a">田中, 克巳</marc:subfield>
          </marc:datafield>
          <marc:datafield tag="245" ind1="1" ind2="0">
            <marc:subfield code="a">モデル理論とその応用</marc:subfield>
            <marc:subfield code="6">880-03</marc:subfield>
          </marc:datafield>
          <marc:datafield tag="246" ind1="3" ind2="3">
            <marc:subfield code="a">[Model theory and its applications]</marc:subfield>
          </marc:datafield>
          <marc:datafield tag="260" ind1=" " ind2=" ">
            <marc:subfield code="a">[京都]</marc:subfield>
            <marc:subfield code="b">京都大学数理解析研究所</marc:subfield>
            <marc:subfield code="c">2001.6</marc:subfield>
          </marc:datafield>
          <marc:datafield tag="300" ind1=" " ind2=" ">
            <marc:subfield code="a">61p</marc:subfield>
            <marc:subfield code="c">26cm</marc:subfield>
          </marc:datafield>
          <marc:datafield tag="490" ind1="0" ind2=" ">
            <marc:subfield code="6">880-04</marc:subfield>
            <marc:subfield code="a">数理解析研究所講究録</marc:subfield>
            <marc:subfield code="3">BN06637050</marc:subfield>
            <marc:subfield code="v">1213</marc:subfield>
          </marc:datafield>
          <marc:datafield tag="500" ind1=" " ind2=" ">
            <marc:subfield code="a">「モデル理論とその応用」研究集会報告集(2000年11月13日-11月15日) 研究代表者:田中克巳</marc:subfield>
          </marc:datafield>
          <marc:datafield tag="505" ind1="0" ind2="0">
            <marc:subfield code="g">1</marc:subfield>
            <marc:subfield code="t">安定群と可換性論理式のladder index</marc:subfield>
            <marc:subfield code="r">田中克巳</marc:subfield>
          </marc:datafield>
          <marc:datafield tag="505" ind1="0" ind2="0">
            <marc:subfield code="g">2</marc:subfield>
            <marc:subfield code="t">Zariski幾何のfiberの次元について</marc:subfield>
            <marc:subfield code="r">福崎賢治</marc:subfield>
          </marc:datafield>
          <marc:datafield tag="505" ind1="0" ind2="0">
            <marc:subfield code="g">3</marc:subfield>
            <marc:subfield code="t">不安定構造のGeneric自己同型写像</marc:subfield>
            <marc:subfield code="r">桔梗宏考</marc:subfield>
          </marc:datafield>
          <marc:datafield tag="505" ind1="0" ind2="0">
            <marc:subfield code="g">4</marc:subfield>
            <marc:subfield code="t">A note on Hrushovski's pseudoplanes</marc:subfield>
            <marc:subfield code="r">池田宏一郎</marc:subfield>
          </marc:datafield>
          <marc:datafield tag="505" ind1="0" ind2="0">
            <marc:subfield code="g">5</marc:subfield>
            <marc:subfield code="t">論理の融合について=On amalgamation of theories</marc:subfield>
            <marc:subfield code="r">坪井明人</marc:subfield>
          </marc:datafield>
          <marc:datafield tag="505" ind1="0" ind2="0">
            <marc:subfield code="g">6</marc:subfield>
            <marc:subfield code="t">Nonstandard universe</marc:subfield>
            <marc:subfield code="r">村上雅彦</marc:subfield>
          </marc:datafield>
          <marc:datafield tag="505" ind1="0" ind2="0">
            <marc:subfield code="g">7</marc:subfield>
            <marc:subfield code="t">On quasi-minimal structures</marc:subfield>
            <marc:subfield code="r">板井昌範, 若井健太郎</marc:subfield>
          </marc:datafield>
          <marc:datafield tag="505" ind1="0" ind2="0">
            <marc:subfield code="g">8</marc:subfield>
            <marc:subfield code="t">複素多様体のモデル理論</marc:subfield>
            <marc:subfield code="r">桔梗宏考</marc:subfield>
          </marc:datafield>
          <marc:datafield tag="740" ind1="0" ind2=" ">
            <marc:subfield code="a">モデル理論とその応用</marc:subfield>
          </marc:datafield>
          <marc:datafield tag="830" ind1=" " ind2=" ">
            <marc:subfield code="w">BN06637050</marc:subfield>
          </marc:datafield>
          <marc:datafield tag="852" ind1=" " ind2=" ">
            <marc:subfield code="a">九大理系(FA02289X)</marc:subfield>
            <marc:subfield code="k">逐次刊行物</marc:subfield>
            <marc:subfield code="m">OTHER</marc:subfield>
            <marc:subfield code="b">Ito</marc:subfield>
            <marc:subfield code="x">Library</marc:subfield>
            <marc:subfield code="j">伊都理系　自動書庫</marc:subfield>
            <marc:subfield code="g">Ito Library ASRS</marc:subfield>
            <marc:subfield code="p">023112008502924</marc:subfield>
            <marc:subfield code="6">2009-09-02</marc:subfield>
            <marc:subfield code="i">OP900000</marc:subfield>
          </marc:datafield>
          <marc:datafield tag="880" ind1="1" ind2=" ">
            <marc:subfield code="6">100-01/$1</marc:subfield>
            <marc:subfield code="a">キョウト ダイガク スウリ カイセキ ケンキュウショ</marc:subfield>
          </marc:datafield>
          <marc:datafield tag="880" ind1="1" ind2=" ">
            <marc:subfield code="6">100-02/$1</marc:subfield>
            <marc:subfield code="a">タナカ、カツミ</marc:subfield>
          </marc:datafield>
          <marc:datafield tag="880" ind1="1" ind2="0">
            <marc:subfield code="6">245-03/$1</marc:subfield>
            <marc:subfield code="a">モデル リロン ト ソノ オウヨウ</marc:subfield>
          </marc:datafield>
          <marc:datafield tag="880" ind1="0" ind2=" ">
            <marc:subfield code="6">490-04/$1</marc:subfield>
            <marc:subfield code="a">スウリ カイセキ ケンキュウショ コウキュウロク</marc:subfield>
          </marc:datafield>
        </marc:record>
      </metadata>
    </record>