
    <record>
      <header>
        <identifier>oai:carli.illinois.edu:CARLIVoyager2/786</identifier>
        <datestamp>2011-10-21T18:55:54Z</datestamp>
        <setSpec>bib</setSpec>
      </header>
      <metadata>
        <marc:record xmlns:marc="http://www.loc.gov/MARC21/slim" xmlns:xsi="http://www.w3.org/2001/XMLSchema-instance" xsi:schemaLocation="http://www.loc.gov/MARC21/slim http://xc.ilcso.uiuc.edu:8080/OAIToolkit2/schema/MARC21slim_custom.xsd">
          <marc:leader>04949nam a2200769zi 4500</marc:leader>
          <marc:controlfield tag="001">BA53996487</marc:controlfield>
          <marc:controlfield tag="003">NII</marc:controlfield>
          <marc:controlfield tag="005">20110909134412.0</marc:controlfield>
          <marc:controlfield tag="007">ta </marc:controlfield>
          <marc:controlfield tag="008">090915s2001    ja ||||||b||||||||||jpn|d</marc:controlfield>
          <marc:datafield tag="016" ind1="7" ind2=" ">
            <marc:subfield code="a">BA53996487</marc:subfield>
            <marc:subfield code="2">JP-ToKJK</marc:subfield>
          </marc:datafield>
          <marc:datafield tag="020" ind1=" " ind2=" ">
            <marc:subfield code="a">456002524X(: セット)</marc:subfield>
          </marc:datafield>
          <marc:datafield tag="020" ind1=" " ind2=" ">
            <marc:subfield code="a">4560025258(1)</marc:subfield>
          </marc:datafield>
          <marc:datafield tag="020" ind1=" " ind2=" ">
            <marc:subfield code="a">4560025266(2)</marc:subfield>
          </marc:datafield>
          <marc:datafield tag="020" ind1=" " ind2=" ">
            <marc:subfield code="a">4560025274(3)</marc:subfield>
          </marc:datafield>
          <marc:datafield tag="020" ind1=" " ind2=" ">
            <marc:subfield code="a">4560025282(4)</marc:subfield>
          </marc:datafield>
          <marc:datafield tag="040" ind1=" " ind2=" ">
            <marc:subfield code="a">NII</marc:subfield>
          </marc:datafield>
          <marc:datafield tag="041" ind1="0" ind2=" ">
            <marc:subfield code="a">jpn</marc:subfield>
          </marc:datafield>
          <marc:datafield tag="044" ind1=" " ind2=" ">
            <marc:subfield code="a">ja</marc:subfield>
            <marc:subfield code="5">NII</marc:subfield>
          </marc:datafield>
          <marc:datafield tag="084" ind1=" " ind2=" ">
            <marc:subfield code="a">135.2</marc:subfield>
            <marc:subfield code="2">NDC8</marc:subfield>
          </marc:datafield>
          <marc:datafield tag="084" ind1=" " ind2=" ">
            <marc:subfield code="a">HD115</marc:subfield>
            <marc:subfield code="2">NDLC</marc:subfield>
          </marc:datafield>
          <marc:datafield tag="100" ind1="1" ind2=" ">
            <marc:subfield code="a">Descartes, René, 1596-1650</marc:subfield>
            <marc:subfield code="0">(NII)DA00162931</marc:subfield>
          </marc:datafield>
          <marc:datafield tag="100" ind1="1" ind2=" ">
            <marc:subfield code="6">880-01</marc:subfield>
            <marc:subfield code="a">三宅, 徳嘉(1917-)</marc:subfield>
            <marc:subfield code="0">(NII)DA00186816</marc:subfield>
          </marc:datafield>
          <marc:datafield tag="245" ind1="1" ind2="0">
            <marc:subfield code="a">デカルト著作集</marc:subfield>
            <marc:subfield code="c">デカルト [著] ; 三宅徳嘉 [ほか] 訳</marc:subfield>
            <marc:subfield code="6">880-02</marc:subfield>
          </marc:datafield>
          <marc:datafield tag="250" ind1=" " ind2=" ">
            <marc:subfield code="a">増補版</marc:subfield>
          </marc:datafield>
          <marc:datafield tag="260" ind1=" " ind2=" ">
            <marc:subfield code="a">東京</marc:subfield>
            <marc:subfield code="b">白水社</marc:subfield>
            <marc:subfield code="c">2001.10</marc:subfield>
          </marc:datafield>
          <marc:datafield tag="300" ind1=" " ind2=" ">
            <marc:subfield code="a">4冊</marc:subfield>
            <marc:subfield code="c">22cm</marc:subfield>
          </marc:datafield>
          <marc:datafield tag="500" ind1=" " ind2=" ">
            <marc:subfield code="a">解説: 各巻</marc:subfield>
          </marc:datafield>
          <marc:datafield tag="500" ind1=" " ind2=" ">
            <marc:subfield code="a">デカルトの肖像あり</marc:subfield>
          </marc:datafield>
          <marc:datafield tag="505" ind1="0" ind2="0">
            <marc:subfield code="g">1</marc:subfield>
            <marc:subfield code="t">方法序説</marc:subfield>
            <marc:subfield code="r">三宅徳嘉, 小池健男共訳</marc:subfield>
          </marc:datafield>
          <marc:datafield tag="505" ind1="0" ind2="0">
            <marc:subfield code="t">試論</marc:subfield>
          </marc:datafield>
          <marc:datafield tag="505" ind1="0" ind2="0">
            <marc:subfield code="t">屈折光学</marc:subfield>
            <marc:subfield code="r">青木靖三, 水野和久共訳</marc:subfield>
          </marc:datafield>
          <marc:datafield tag="505" ind1="0" ind2="0">
            <marc:subfield code="t">気象学</marc:subfield>
            <marc:subfield code="r">赤木昭三訳</marc:subfield>
          </marc:datafield>
          <marc:datafield tag="505" ind1="0" ind2="0">
            <marc:subfield code="t">幾何学</marc:subfield>
            <marc:subfield code="r">原亨吉訳</marc:subfield>
          </marc:datafield>
          <marc:datafield tag="505" ind1="0" ind2="0">
            <marc:subfield code="g">2</marc:subfield>
            <marc:subfield code="t">省察および反論と答弁</marc:subfield>
            <marc:subfield code="r">所雄章訳</marc:subfield>
          </marc:datafield>
          <marc:datafield tag="505" ind1="0" ind2="0">
            <marc:subfield code="g">3</marc:subfield>
            <marc:subfield code="t">哲学原理</marc:subfield>
            <marc:subfield code="r">三輪正, 本多英太郎共訳</marc:subfield>
          </marc:datafield>
          <marc:datafield tag="505" ind1="0" ind2="0">
            <marc:subfield code="t">情念論</marc:subfield>
            <marc:subfield code="r">花田圭介訳</marc:subfield>
          </marc:datafield>
          <marc:datafield tag="505" ind1="0" ind2="0">
            <marc:subfield code="t">書簡集</marc:subfield>
            <marc:subfield code="r">竹田篤司訳</marc:subfield>
          </marc:datafield>
          <marc:datafield tag="505" ind1="0" ind2="0">
            <marc:subfield code="g">4</marc:subfield>
            <marc:subfield code="t">精神指導の規則</marc:subfield>
            <marc:subfield code="r">大出晁, 有働勤吉共訳</marc:subfield>
          </marc:datafield>
          <marc:datafield tag="505" ind1="0" ind2="0">
            <marc:subfield code="t">宇宙論</marc:subfield>
            <marc:subfield code="r">野沢協, 中野重伸共訳</marc:subfield>
          </marc:datafield>
          <marc:datafield tag="505" ind1="0" ind2="0">
            <marc:subfield code="t">人間論</marc:subfield>
            <marc:subfield code="r">伊東俊太郎, 塩川徹也共訳</marc:subfield>
          </marc:datafield>
          <marc:datafield tag="505" ind1="0" ind2="0">
            <marc:subfield code="t">真理の探求</marc:subfield>
            <marc:subfield code="r">井上庄七訳</marc:subfield>
          </marc:datafield>
          <marc:datafield tag="505" ind1="0" ind2="0">
            <marc:subfield code="t">ビュルマンとの対話</marc:subfield>
            <marc:subfield code="r">三宅徳嘉, 中野重伸共訳</marc:subfield>
          </marc:datafield>
          <marc:datafield tag="505" ind1="0" ind2="0">
            <marc:subfield code="t">平和の訪れ(舞踏劇)</marc:subfield>
            <marc:subfield code="r">川俣晃自訳</marc:subfield>
          </marc:datafield>
          <marc:datafield tag="505" ind1="0" ind2="0">
            <marc:subfield code="t">思索私記</marc:subfield>
            <marc:subfield code="r">森有正訳</marc:subfield>
          </marc:datafield>
          <marc:datafield tag="505" ind1="0" ind2="0">
            <marc:subfield code="t">音楽提要</marc:subfield>
            <marc:subfield code="r">平松希伊子訳</marc:subfield>
          </marc:datafield>
          <marc:datafield tag="505" ind1="0" ind2="0">
            <marc:subfield code="t">掲貼文書への覚え書</marc:subfield>
            <marc:subfield code="r">村上勝三訳</marc:subfield>
          </marc:datafield>
          <marc:datafield tag="740" ind1="0" ind2=" ">
            <marc:subfield code="a">デカルト著作集</marc:subfield>
          </marc:datafield>
          <marc:datafield tag="852" ind1=" " ind2=" ">
            <marc:subfield code="a">九大(FA003454)</marc:subfield>
            <marc:subfield code="k">倫理/F-17/234</marc:subfield>
            <marc:subfield code="m">OTHER</marc:subfield>
            <marc:subfield code="b">Humanities and Social Sciences</marc:subfield>
            <marc:subfield code="x">Research room</marc:subfield>
            <marc:subfield code="j">文 倫理(研究室)</marc:subfield>
            <marc:subfield code="g">LETTERS, research room</marc:subfield>
            <marc:subfield code="p">005112001033753</marc:subfield>
            <marc:subfield code="f">4560025258</marc:subfield>
            <marc:subfield code="8">1</marc:subfield>
            <marc:subfield code="6">2009-11-12</marc:subfield>
            <marc:subfield code="i">AA104090</marc:subfield>
          </marc:datafield>
          <marc:datafield tag="852" ind1=" " ind2=" ">
            <marc:subfield code="a">九大(FA003454)</marc:subfield>
            <marc:subfield code="k">倫理/F-17/234</marc:subfield>
            <marc:subfield code="m">OTHER</marc:subfield>
            <marc:subfield code="b">Humanities and Social Sciences</marc:subfield>
            <marc:subfield code="x">Research room</marc:subfield>
            <marc:subfield code="j">文 倫理(研究室)</marc:subfield>
            <marc:subfield code="g">LETTERS, research room</marc:subfield>
            <marc:subfield code="p">005112001033765</marc:subfield>
            <marc:subfield code="f">4560025266</marc:subfield>
            <marc:subfield code="8">2</marc:subfield>
            <marc:subfield code="6">2009-11-12</marc:subfield>
            <marc:subfield code="i">AA104090</marc:subfield>
          </marc:datafield>
          <marc:datafield tag="852" ind1=" " ind2=" ">
            <marc:subfield code="a">九大(FA003454)</marc:subfield>
            <marc:subfield code="k">倫理/F-17/234</marc:subfield>
            <marc:subfield code="m">OTHER</marc:subfield>
            <marc:subfield code="b">Humanities and Social Sciences</marc:subfield>
            <marc:subfield code="x">Research room</marc:subfield>
            <marc:subfield code="j">文 倫理(研究室)</marc:subfield>
            <marc:subfield code="g">LETTERS, research room</marc:subfield>
            <marc:subfield code="p">005112001033777</marc:subfield>
            <marc:subfield code="f">4560025274</marc:subfield>
            <marc:subfield code="8">3</marc:subfield>
            <marc:subfield code="6">2009-11-12</marc:subfield>
            <marc:subfield code="i">AA104090</marc:subfield>
          </marc:datafield>
          <marc:datafield tag="852" ind1=" " ind2=" ">
            <marc:subfield code="a">九大(FA003454)</marc:subfield>
            <marc:subfield code="k">倫理/F-17/234</marc:subfield>
            <marc:subfield code="m">OTHER</marc:subfield>
            <marc:subfield code="b">Humanities and Social Sciences</marc:subfield>
            <marc:subfield code="x">Research room</marc:subfield>
            <marc:subfield code="j">文 倫理(研究室)</marc:subfield>
            <marc:subfield code="g">LETTERS, research room</marc:subfield>
            <marc:subfield code="p">005112001033780</marc:subfield>
            <marc:subfield code="f">4560025282</marc:subfield>
            <marc:subfield code="8">4</marc:subfield>
            <marc:subfield code="6">2009-11-12</marc:subfield>
            <marc:subfield code="i">AA104090</marc:subfield>
          </marc:datafield>
          <marc:datafield tag="852" ind1=" " ind2=" ">
            <marc:subfield code="a">九大(FA003454)</marc:subfield>
            <marc:subfield code="k">教育/11B/739-1</marc:subfield>
            <marc:subfield code="m">OTHER</marc:subfield>
            <marc:subfield code="b">Humanities and Social Sciences</marc:subfield>
            <marc:subfield code="x">Library</marc:subfield>
            <marc:subfield code="j">教育</marc:subfield>
            <marc:subfield code="g">EDUCATION</marc:subfield>
            <marc:subfield code="p">010112001003616</marc:subfield>
            <marc:subfield code="f">4560025258</marc:subfield>
            <marc:subfield code="8">1</marc:subfield>
            <marc:subfield code="6">2003-08-21</marc:subfield>
            <marc:subfield code="i">BB000000</marc:subfield>
          </marc:datafield>
          <marc:datafield tag="852" ind1=" " ind2=" ">
            <marc:subfield code="a">九大(FA003454)</marc:subfield>
            <marc:subfield code="k">教育/11B/739-2</marc:subfield>
            <marc:subfield code="m">OTHER</marc:subfield>
            <marc:subfield code="b">Humanities and Social Sciences</marc:subfield>
            <marc:subfield code="x">Library</marc:subfield>
            <marc:subfield code="j">教育</marc:subfield>
            <marc:subfield code="g">EDUCATION</marc:subfield>
            <marc:subfield code="p">010112001003628</marc:subfield>
            <marc:subfield code="f">4560025266</marc:subfield>
            <marc:subfield code="8">2</marc:subfield>
            <marc:subfield code="6">2003-08-21</marc:subfield>
            <marc:subfield code="i">BB000000</marc:subfield>
          </marc:datafield>
          <marc:datafield tag="852" ind1=" " ind2=" ">
            <marc:subfield code="a">九大(FA003454)</marc:subfield>
            <marc:subfield code="k">教育/11B/739-3</marc:subfield>
            <marc:subfield code="m">OTHER</marc:subfield>
            <marc:subfield code="b">Humanities and Social Sciences</marc:subfield>
            <marc:subfield code="x">Library</marc:subfield>
            <marc:subfield code="j">教育</marc:subfield>
            <marc:subfield code="g">EDUCATION</marc:subfield>
            <marc:subfield code="p">010112001003631</marc:subfield>
            <marc:subfield code="f">4560025274</marc:subfield>
            <marc:subfield code="8">3</marc:subfield>
            <marc:subfield code="6">2003-08-21</marc:subfield>
            <marc:subfield code="i">BB000000</marc:subfield>
          </marc:datafield>
          <marc:datafield tag="852" ind1=" " ind2=" ">
            <marc:subfield code="a">九大(FA003454)</marc:subfield>
            <marc:subfield code="k">教育/11B/739-4</marc:subfield>
            <marc:subfield code="m">OTHER</marc:subfield>
            <marc:subfield code="b">Humanities and Social Sciences</marc:subfield>
            <marc:subfield code="x">Library</marc:subfield>
            <marc:subfield code="j">教育</marc:subfield>
            <marc:subfield code="g">EDUCATION</marc:subfield>
            <marc:subfield code="p">010112001003643</marc:subfield>
            <marc:subfield code="f">4560025282</marc:subfield>
            <marc:subfield code="8">4</marc:subfield>
            <marc:subfield code="6">2003-08-21</marc:subfield>
            <marc:subfield code="i">BB000000</marc:subfield>
          </marc:datafield>
          <marc:datafield tag="852" ind1=" " ind2=" ">
            <marc:subfield code="a">九大理系(FA02289X)</marc:subfield>
            <marc:subfield code="k">135.23/D 64</marc:subfield>
            <marc:subfield code="m">NDC</marc:subfield>
            <marc:subfield code="b">Ito</marc:subfield>
            <marc:subfield code="x">Library</marc:subfield>
            <marc:subfield code="j">伊都中央 BF開架</marc:subfield>
            <marc:subfield code="g">ItoChuo BF Open Stacks</marc:subfield>
            <marc:subfield code="p">054112003002180</marc:subfield>
            <marc:subfield code="f">4560025258</marc:subfield>
            <marc:subfield code="8">1</marc:subfield>
            <marc:subfield code="6">2003-09-16</marc:subfield>
            <marc:subfield code="i">OQ995000</marc:subfield>
          </marc:datafield>
          <marc:datafield tag="852" ind1=" " ind2=" ">
            <marc:subfield code="a">九大理系(FA02289X)</marc:subfield>
            <marc:subfield code="k">135.23/D 64</marc:subfield>
            <marc:subfield code="m">NDC</marc:subfield>
            <marc:subfield code="b">Ito</marc:subfield>
            <marc:subfield code="x">Library</marc:subfield>
            <marc:subfield code="j">伊都中央 BF開架</marc:subfield>
            <marc:subfield code="g">ItoChuo BF Open Stacks</marc:subfield>
            <marc:subfield code="p">054112003002192</marc:subfield>
            <marc:subfield code="f">4560025266</marc:subfield>
            <marc:subfield code="8">2</marc:subfield>
            <marc:subfield code="6">2003-09-16</marc:subfield>
            <marc:subfield code="i">OQ995000</marc:subfield>
          </marc:datafield>
          <marc:datafield tag="852" ind1=" " ind2=" ">
            <marc:subfield code="a">九大理系(FA02289X)</marc:subfield>
            <marc:subfield code="k">135.23/D 64</marc:subfield>
            <marc:subfield code="m">NDC</marc:subfield>
            <marc:subfield code="b">Ito</marc:subfield>
            <marc:subfield code="x">Library</marc:subfield>
            <marc:subfield code="j">伊都中央 BF開架</marc:subfield>
            <marc:subfield code="g">ItoChuo BF Open Stacks</marc:subfield>
            <marc:subfield code="p">054112003002203</marc:subfield>
            <marc:subfield code="f">4560025274</marc:subfield>
            <marc:subfield code="8">3</marc:subfield>
            <marc:subfield code="6">2003-09-16</marc:subfield>
            <marc:subfield code="i">OQ995000</marc:subfield>
          </marc:datafield>
          <marc:datafield tag="852" ind1=" " ind2=" ">
            <marc:subfield code="a">九大理系(FA02289X)</marc:subfield>
            <marc:subfield code="k">135.23/D 64</marc:subfield>
            <marc:subfield code="m">NDC</marc:subfield>
            <marc:subfield code="b">Ito</marc:subfield>
            <marc:subfield code="x">Library</marc:subfield>
            <marc:subfield code="j">伊都中央 BF開架</marc:subfield>
            <marc:subfield code="g">ItoChuo BF Open Stacks</marc:subfield>
            <marc:subfield code="p">054112003002215</marc:subfield>
            <marc:subfield code="f">4560025282</marc:subfield>
            <marc:subfield code="8">4</marc:subfield>
            <marc:subfield code="6">2003-09-16</marc:subfield>
            <marc:subfield code="i">OQ995000</marc:subfield>
          </marc:datafield>
          <marc:datafield tag="852" ind1=" " ind2=" ">
            <marc:subfield code="a">九大理系(FA02289X)</marc:subfield>
            <marc:subfield code="k">135.23/D 64</marc:subfield>
            <marc:subfield code="m">NDC</marc:subfield>
            <marc:subfield code="b">Ito</marc:subfield>
            <marc:subfield code="x">Library</marc:subfield>
            <marc:subfield code="j">伊都中央 2F開架</marc:subfield>
            <marc:subfield code="g">ItoChuo 2F Open Stacks</marc:subfield>
            <marc:subfield code="p">058112001018958</marc:subfield>
            <marc:subfield code="f">4560025258</marc:subfield>
            <marc:subfield code="8">1</marc:subfield>
            <marc:subfield code="6">2003-08-21</marc:subfield>
            <marc:subfield code="i">OQ991000</marc:subfield>
          </marc:datafield>
          <marc:datafield tag="852" ind1=" " ind2=" ">
            <marc:subfield code="a">九大理系(FA02289X)</marc:subfield>
            <marc:subfield code="k">135.23/D 64</marc:subfield>
            <marc:subfield code="m">NDC</marc:subfield>
            <marc:subfield code="b">Ito</marc:subfield>
            <marc:subfield code="x">Library</marc:subfield>
            <marc:subfield code="j">伊都中央 2F開架</marc:subfield>
            <marc:subfield code="g">ItoChuo 2F Open Stacks</marc:subfield>
            <marc:subfield code="p">058112001018961</marc:subfield>
            <marc:subfield code="f">4560025266</marc:subfield>
            <marc:subfield code="8">2</marc:subfield>
            <marc:subfield code="6">2003-08-21</marc:subfield>
            <marc:subfield code="i">OQ991000</marc:subfield>
          </marc:datafield>
          <marc:datafield tag="852" ind1=" " ind2=" ">
            <marc:subfield code="a">九大理系(FA02289X)</marc:subfield>
            <marc:subfield code="k">135.23/D 64</marc:subfield>
            <marc:subfield code="m">NDC</marc:subfield>
            <marc:subfield code="b">Ito</marc:subfield>
            <marc:subfield code="x">Library</marc:subfield>
            <marc:subfield code="j">伊都中央 2F開架</marc:subfield>
            <marc:subfield code="g">ItoChuo 2F Open Stacks</marc:subfield>
            <marc:subfield code="p">058112001018973</marc:subfield>
            <marc:subfield code="f">4560025274</marc:subfield>
            <marc:subfield code="8">3</marc:subfield>
            <marc:subfield code="6">2003-08-21</marc:subfield>
            <marc:subfield code="i">OQ991000</marc:subfield>
          </marc:datafield>
          <marc:datafield tag="852" ind1=" " ind2=" ">
            <marc:subfield code="a">九大理系(FA02289X)</marc:subfield>
            <marc:subfield code="k">135.23/D 64</marc:subfield>
            <marc:subfield code="m">NDC</marc:subfield>
            <marc:subfield code="b">Ito</marc:subfield>
            <marc:subfield code="x">Library</marc:subfield>
            <marc:subfield code="j">伊都中央 2F開架</marc:subfield>
            <marc:subfield code="g">ItoChuo 2F Open Stacks</marc:subfield>
            <marc:subfield code="p">058112001018985</marc:subfield>
            <marc:subfield code="f">4560025282</marc:subfield>
            <marc:subfield code="8">4</marc:subfield>
            <marc:subfield code="6">2003-08-21</marc:subfield>
            <marc:subfield code="i">OQ991000</marc:subfield>
          </marc:datafield>
          <marc:datafield tag="880" ind1="1" ind2=" ">
            <marc:subfield code="6">100-01/$1</marc:subfield>
            <marc:subfield code="a">ミヤケ, ノリヨシ</marc:subfield>
          </marc:datafield>
          <marc:datafield tag="880" ind1="1" ind2="0">
            <marc:subfield code="6">245-02/$1</marc:subfield>
            <marc:subfield code="a">デカルト チョサクシュウ</marc:subfield>
          </marc:datafield>
        </marc:record>
      </metadata>
    </record>