
    <record>
      <header>
        <identifier>oai:carli.illinois.edu:CARLIVoyager2/800</identifier>
        <datestamp>2011-10-21T18:55:54Z</datestamp>
        <setSpec>bib</setSpec>
      </header>
      <metadata>
        <marc:record xmlns:marc="http://www.loc.gov/MARC21/slim" xmlns:xsi="http://www.w3.org/2001/XMLSchema-instance" xsi:schemaLocation="http://www.loc.gov/MARC21/slim http://xc.ilcso.uiuc.edu:8080/OAIToolkit2/schema/MARC21slim_custom.xsd">
          <marc:leader>03809nam a2200721zi 4500</marc:leader>
          <marc:controlfield tag="001">BA55221272</marc:controlfield>
          <marc:controlfield tag="003">NII</marc:controlfield>
          <marc:controlfield tag="005">20110909134415.0</marc:controlfield>
          <marc:controlfield tag="007">ta </marc:controlfield>
          <marc:controlfield tag="008">090915s2002    ja ||||||b||||||||||jpn|d</marc:controlfield>
          <marc:datafield tag="015" ind1=" " ind2=" ">
            <marc:subfield code="a">JP20234462</marc:subfield>
            <marc:subfield code="2">kktzm</marc:subfield>
          </marc:datafield>
          <marc:datafield tag="016" ind1="7" ind2=" ">
            <marc:subfield code="a">BA55221272</marc:subfield>
            <marc:subfield code="2">JP-ToKJK</marc:subfield>
          </marc:datafield>
          <marc:datafield tag="020" ind1=" " ind2=" ">
            <marc:subfield code="a">490083095X</marc:subfield>
            <marc:subfield code="c">42800円</marc:subfield>
          </marc:datafield>
          <marc:datafield tag="040" ind1=" " ind2=" ">
            <marc:subfield code="a">NII</marc:subfield>
          </marc:datafield>
          <marc:datafield tag="041" ind1="0" ind2=" ">
            <marc:subfield code="a">jpn</marc:subfield>
          </marc:datafield>
          <marc:datafield tag="044" ind1=" " ind2=" ">
            <marc:subfield code="a">ja</marc:subfield>
            <marc:subfield code="5">NII</marc:subfield>
          </marc:datafield>
          <marc:datafield tag="084" ind1=" " ind2=" ">
            <marc:subfield code="a">501.48</marc:subfield>
            <marc:subfield code="2">NDC9</marc:subfield>
          </marc:datafield>
          <marc:datafield tag="100" ind1="1" ind2=" ">
            <marc:subfield code="6">880-01</marc:subfield>
            <marc:subfield code="a">田中, 一義</marc:subfield>
            <marc:subfield code="0">(NII)DA08592741</marc:subfield>
          </marc:datafield>
          <marc:datafield tag="100" ind1="1" ind2=" ">
            <marc:subfield code="6">880-02</marc:subfield>
            <marc:subfield code="a">中山, 喜萬</marc:subfield>
          </marc:datafield>
          <marc:datafield tag="100" ind1="1" ind2=" ">
            <marc:subfield code="6">880-03</marc:subfield>
            <marc:subfield code="a">矢田, 静邦</marc:subfield>
          </marc:datafield>
          <marc:datafield tag="100" ind1="1" ind2=" ">
            <marc:subfield code="6">880-04</marc:subfield>
            <marc:subfield code="a">村上, 裕彦</marc:subfield>
          </marc:datafield>
          <marc:datafield tag="100" ind1="1" ind2=" ">
            <marc:subfield code="6">880-05</marc:subfield>
            <marc:subfield code="a">谷垣, 勝己</marc:subfield>
            <marc:subfield code="0">(NII)DA06761360</marc:subfield>
          </marc:datafield>
          <marc:datafield tag="100" ind1="1" ind2=" ">
            <marc:subfield code="6">880-06</marc:subfield>
            <marc:subfield code="a">曽根田, 靖</marc:subfield>
          </marc:datafield>
          <marc:datafield tag="100" ind1="1" ind2=" ">
            <marc:subfield code="6">880-07</marc:subfield>
            <marc:subfield code="a">遠藤, 守信(1946-)</marc:subfield>
            <marc:subfield code="0">(NII)DA14605156</marc:subfield>
          </marc:datafield>
          <marc:datafield tag="100" ind1="1" ind2=" ">
            <marc:subfield code="6">880-08</marc:subfield>
            <marc:subfield code="a">吉村, 昌弘</marc:subfield>
            <marc:subfield code="0">(NII)DA00195089</marc:subfield>
          </marc:datafield>
          <marc:datafield tag="100" ind1="1" ind2=" ">
            <marc:subfield code="a">Gogot︠s︡i, I︠U︡. G., 1961-</marc:subfield>
            <marc:subfield code="0">(NII)DA06880596</marc:subfield>
          </marc:datafield>
          <marc:datafield tag="100" ind1="1" ind2=" ">
            <marc:subfield code="a">Libera, Joseph A.</marc:subfield>
          </marc:datafield>
          <marc:datafield tag="100" ind1="1" ind2=" ">
            <marc:subfield code="6">880-09</marc:subfield>
            <marc:subfield code="a">滝川, 浩史(1962-)</marc:subfield>
            <marc:subfield code="0">(NII)DA12323346</marc:subfield>
          </marc:datafield>
          <marc:datafield tag="100" ind1="1" ind2=" ">
            <marc:subfield code="6">880-10</marc:subfield>
            <marc:subfield code="a">湯田坂, 雅子(1953-)</marc:subfield>
            <marc:subfield code="0">(NII)DA00168687</marc:subfield>
          </marc:datafield>
          <marc:datafield tag="100" ind1="1" ind2=" ">
            <marc:subfield code="6">880-11</marc:subfield>
            <marc:subfield code="a">大嶋, 哲</marc:subfield>
          </marc:datafield>
          <marc:datafield tag="100" ind1="1" ind2=" ">
            <marc:subfield code="6">880-12</marc:subfield>
            <marc:subfield code="a">片桐, 進</marc:subfield>
          </marc:datafield>
          <marc:datafield tag="245" ind1="1" ind2="0">
            <marc:subfield code="a">カーボンナノチューブの基礎と工業化の最前線</marc:subfield>
            <marc:subfield code="6">880-13</marc:subfield>
          </marc:datafield>
          <marc:datafield tag="246" ind1="3" ind2="5">
            <marc:subfield code="a">Fundamentals of carbon nanotube and the front line of their industrialization</marc:subfield>
          </marc:datafield>
          <marc:datafield tag="260" ind1=" " ind2=" ">
            <marc:subfield code="a">東京</marc:subfield>
            <marc:subfield code="b">エヌ・ティー・エス</marc:subfield>
            <marc:subfield code="c">2002.1</marc:subfield>
          </marc:datafield>
          <marc:datafield tag="300" ind1=" " ind2=" ">
            <marc:subfield code="a">ix, 329, 8p</marc:subfield>
            <marc:subfield code="b">挿図</marc:subfield>
            <marc:subfield code="c">27cm</marc:subfield>
          </marc:datafield>
          <marc:datafield tag="500" ind1=" " ind2=" ">
            <marc:subfield code="a">エヌ・ティー・エス主催による『カーボンナノチューブ〜その工業化への可能性をさぐる〜』セミナー(開催日:2001年6月18,19日)を講演録として編集したもの</marc:subfield>
          </marc:datafield>
          <marc:datafield tag="500" ind1=" " ind2=" ">
            <marc:subfield code="a">講師: 田中一義, 中山喜萬, 矢田静邦, 村上裕彦, 谷垣勝己, 曽根田靖, 遠藤守信, 吉村昌弘, Yury Gogotsi, Joseph A. Libera, 滝川浩史, 湯田坂雅子, 大嶋哲, 片桐進</marc:subfield>
          </marc:datafield>
          <marc:datafield tag="500" ind1=" " ind2=" ">
            <marc:subfield code="a">参考・引用文献: 講末</marc:subfield>
          </marc:datafield>
          <marc:datafield tag="650" ind1=" " ind2="7">
            <marc:subfield code="6">880-14</marc:subfield>
            <marc:subfield code="a">炭素</marc:subfield>
            <marc:subfield code="2">BSH</marc:subfield>
          </marc:datafield>
          <marc:datafield tag="650" ind1=" " ind2="7">
            <marc:subfield code="6">880-15</marc:subfield>
            <marc:subfield code="a">ナノテクノロジー</marc:subfield>
            <marc:subfield code="2">BSH</marc:subfield>
          </marc:datafield>
          <marc:datafield tag="650" ind1=" " ind2="7">
            <marc:subfield code="6">880-16</marc:subfield>
            <marc:subfield code="a">カーボンナノチューブ</marc:subfield>
            <marc:subfield code="2">NDLSH</marc:subfield>
          </marc:datafield>
          <marc:datafield tag="740" ind1="0" ind2=" ">
            <marc:subfield code="a">カーボンナノチューブの基礎と工業化の最前線</marc:subfield>
          </marc:datafield>
          <marc:datafield tag="852" ind1=" " ind2=" ">
            <marc:subfield code="a">九大(FA003454)</marc:subfield>
            <marc:subfield code="k">501.48/Ka 11</marc:subfield>
            <marc:subfield code="m">NDC</marc:subfield>
            <marc:subfield code="b">Central</marc:subfield>
            <marc:subfield code="x">Library</marc:subfield>
            <marc:subfield code="j">中図 地階(理 図書)</marc:subfield>
            <marc:subfield code="g">CENTRAL LIBRARY Basement Floor</marc:subfield>
            <marc:subfield code="p">022112002000476</marc:subfield>
            <marc:subfield code="f">490083095X</marc:subfield>
            <marc:subfield code="6">2009-11-13</marc:subfield>
            <marc:subfield code="i">EA900000</marc:subfield>
          </marc:datafield>
          <marc:datafield tag="852" ind1=" " ind2=" ">
            <marc:subfield code="a">九大理系(FA02289X)</marc:subfield>
            <marc:subfield code="k">211</marc:subfield>
            <marc:subfield code="m">OTHER</marc:subfield>
            <marc:subfield code="b">Ito</marc:subfield>
            <marc:subfield code="c">超電顕</marc:subfield>
            <marc:subfield code="x">Research room</marc:subfield>
            <marc:subfield code="j">[伊]超電顕室</marc:subfield>
            <marc:subfield code="g">Research Lab. for High Voltage Electron Microscopy</marc:subfield>
            <marc:subfield code="p">025112001000582</marc:subfield>
            <marc:subfield code="f">490083095X</marc:subfield>
            <marc:subfield code="6">2005-12-13</marc:subfield>
            <marc:subfield code="i">HA820000</marc:subfield>
          </marc:datafield>
          <marc:datafield tag="852" ind1=" " ind2=" ">
            <marc:subfield code="a">九大理系(FA02289X)</marc:subfield>
            <marc:subfield code="k">501.4</marc:subfield>
            <marc:subfield code="m">NDC</marc:subfield>
            <marc:subfield code="b">Ito</marc:subfield>
            <marc:subfield code="c">応原</marc:subfield>
            <marc:subfield code="x">Research room</marc:subfield>
            <marc:subfield code="j">工エネ量子 5</marc:subfield>
            <marc:subfield code="g">ENGINEERING Lib. of Appl. Quant. Phys. &amp; Nuc. Eng.</marc:subfield>
            <marc:subfield code="p">027112001001713</marc:subfield>
            <marc:subfield code="f">490083095X</marc:subfield>
            <marc:subfield code="6">2006-05-17</marc:subfield>
            <marc:subfield code="i">HA100500</marc:subfield>
          </marc:datafield>
          <marc:datafield tag="852" ind1=" " ind2=" ">
            <marc:subfield code="a">九大(FA003454)</marc:subfield>
            <marc:subfield code="k">501.4/Ka 11</marc:subfield>
            <marc:subfield code="m">NDC</marc:subfield>
            <marc:subfield code="b">Central</marc:subfield>
            <marc:subfield code="x">Research room</marc:subfield>
            <marc:subfield code="j">農 細胞制御工学</marc:subfield>
            <marc:subfield code="g">AGRICULTURE</marc:subfield>
            <marc:subfield code="p">034112002000331</marc:subfield>
            <marc:subfield code="f">490083095X</marc:subfield>
            <marc:subfield code="6">2002-09-24</marc:subfield>
            <marc:subfield code="i">JA081501</marc:subfield>
          </marc:datafield>
          <marc:datafield tag="880" ind1="1" ind2=" ">
            <marc:subfield code="6">100-01/$1</marc:subfield>
            <marc:subfield code="a">タナカ, カズヨシ</marc:subfield>
          </marc:datafield>
          <marc:datafield tag="880" ind1="1" ind2=" ">
            <marc:subfield code="6">100-02/$1</marc:subfield>
            <marc:subfield code="a">ナカヤマ, ヨシカズ</marc:subfield>
          </marc:datafield>
          <marc:datafield tag="880" ind1="1" ind2=" ">
            <marc:subfield code="6">100-03/$1</marc:subfield>
            <marc:subfield code="a">ヤタ, シズクニ</marc:subfield>
          </marc:datafield>
          <marc:datafield tag="880" ind1="1" ind2=" ">
            <marc:subfield code="6">100-04/$1</marc:subfield>
            <marc:subfield code="a">ムラカミ, ヒロヒコ</marc:subfield>
          </marc:datafield>
          <marc:datafield tag="880" ind1="1" ind2=" ">
            <marc:subfield code="6">100-05/$1</marc:subfield>
            <marc:subfield code="a">タニガキ, カツミ</marc:subfield>
          </marc:datafield>
          <marc:datafield tag="880" ind1="1" ind2=" ">
            <marc:subfield code="6">100-06/$1</marc:subfield>
            <marc:subfield code="a">ソネダ, ヤスシ</marc:subfield>
          </marc:datafield>
          <marc:datafield tag="880" ind1="1" ind2=" ">
            <marc:subfield code="6">100-07/$1</marc:subfield>
            <marc:subfield code="a">エンドウ, モリノブ</marc:subfield>
          </marc:datafield>
          <marc:datafield tag="880" ind1="1" ind2=" ">
            <marc:subfield code="6">100-08/$1</marc:subfield>
            <marc:subfield code="a">ヨシムラ, マサヒロ</marc:subfield>
          </marc:datafield>
          <marc:datafield tag="880" ind1="1" ind2=" ">
            <marc:subfield code="6">100-09/$1</marc:subfield>
            <marc:subfield code="a">タキカワ, ヒロフミ</marc:subfield>
          </marc:datafield>
          <marc:datafield tag="880" ind1="1" ind2=" ">
            <marc:subfield code="6">100-10/$1</marc:subfield>
            <marc:subfield code="a">ユダサカ, マサコ</marc:subfield>
          </marc:datafield>
          <marc:datafield tag="880" ind1="1" ind2=" ">
            <marc:subfield code="6">100-11/$1</marc:subfield>
            <marc:subfield code="a">オオシマ, サトシ</marc:subfield>
          </marc:datafield>
          <marc:datafield tag="880" ind1="1" ind2=" ">
            <marc:subfield code="6">100-12/$1</marc:subfield>
            <marc:subfield code="a">カタギリ, ススム</marc:subfield>
          </marc:datafield>
          <marc:datafield tag="880" ind1="1" ind2="0">
            <marc:subfield code="6">245-13/$1</marc:subfield>
            <marc:subfield code="a">カーボン ナノチューブ ノ キソ ト コウギョウカ ノ サイゼンセン</marc:subfield>
          </marc:datafield>
          <marc:datafield tag="880" ind1=" " ind2="7">
            <marc:subfield code="6">650-14/$1</marc:subfield>
            <marc:subfield code="a">タンソ</marc:subfield>
          </marc:datafield>
          <marc:datafield tag="880" ind1=" " ind2="7">
            <marc:subfield code="6">650-15/$1</marc:subfield>
            <marc:subfield code="a">ナノテクノロジー</marc:subfield>
          </marc:datafield>
          <marc:datafield tag="880" ind1=" " ind2="7">
            <marc:subfield code="6">650-16/$1</marc:subfield>
            <marc:subfield code="a">カーボンナノチューブ</marc:subfield>
          </marc:datafield>
        </marc:record>
      </metadata>
    </record>