
    <record>
      <header>
        <identifier>oai:carli.illinois.edu:CARLIVoyager2/812</identifier>
        <datestamp>2011-10-21T18:55:54Z</datestamp>
        <setSpec>bib</setSpec>
      </header>
      <metadata>
        <marc:record xmlns:marc="http://www.loc.gov/MARC21/slim" xmlns:xsi="http://www.w3.org/2001/XMLSchema-instance" xsi:schemaLocation="http://www.loc.gov/MARC21/slim http://xc.ilcso.uiuc.edu:8080/OAIToolkit2/schema/MARC21slim_custom.xsd">
          <marc:leader>05526nam a2200793zi 4500</marc:leader>
          <marc:controlfield tag="001">BA56254550</marc:controlfield>
          <marc:controlfield tag="003">NII</marc:controlfield>
          <marc:controlfield tag="005">20110909134418.0</marc:controlfield>
          <marc:controlfield tag="007">ta </marc:controlfield>
          <marc:controlfield tag="008">090916s2002    ja ||||||b||||||||||jpn|d</marc:controlfield>
          <marc:datafield tag="016" ind1="7" ind2=" ">
            <marc:subfield code="a">BA56254550</marc:subfield>
            <marc:subfield code="2">JP-ToKJK</marc:subfield>
          </marc:datafield>
          <marc:datafield tag="020" ind1=" " ind2=" ">
            <marc:subfield code="a">4326851775</marc:subfield>
            <marc:subfield code="c">3200円</marc:subfield>
          </marc:datafield>
          <marc:datafield tag="040" ind1=" " ind2=" ">
            <marc:subfield code="a">NII</marc:subfield>
          </marc:datafield>
          <marc:datafield tag="041" ind1="0" ind2=" ">
            <marc:subfield code="a">jpn</marc:subfield>
          </marc:datafield>
          <marc:datafield tag="044" ind1=" " ind2=" ">
            <marc:subfield code="a">ja</marc:subfield>
            <marc:subfield code="5">NII</marc:subfield>
          </marc:datafield>
          <marc:datafield tag="084" ind1=" " ind2=" ">
            <marc:subfield code="a">704</marc:subfield>
            <marc:subfield code="2">NDC8</marc:subfield>
          </marc:datafield>
          <marc:datafield tag="084" ind1=" " ind2=" ">
            <marc:subfield code="a">704</marc:subfield>
            <marc:subfield code="2">NDC9</marc:subfield>
          </marc:datafield>
          <marc:datafield tag="100" ind1="1" ind2=" ">
            <marc:subfield code="6">880-01</marc:subfield>
            <marc:subfield code="a">大阪大学美学研究会</marc:subfield>
          </marc:datafield>
          <marc:datafield tag="245" ind1="1" ind2="0">
            <marc:subfield code="a">美と芸術のシュンポシオン</marc:subfield>
            <marc:subfield code="b">神林恒道教授退官記念論集</marc:subfield>
            <marc:subfield code="c">大阪大学美学研究会編</marc:subfield>
            <marc:subfield code="6">880-02</marc:subfield>
          </marc:datafield>
          <marc:datafield tag="260" ind1=" " ind2=" ">
            <marc:subfield code="a">東京</marc:subfield>
            <marc:subfield code="b">勁草書房</marc:subfield>
            <marc:subfield code="c">2002.2</marc:subfield>
          </marc:datafield>
          <marc:datafield tag="300" ind1=" " ind2=" ">
            <marc:subfield code="a">vii, 348, xivp</marc:subfield>
            <marc:subfield code="b">挿図</marc:subfield>
            <marc:subfield code="c">20cm</marc:subfield>
          </marc:datafield>
          <marc:datafield tag="505" ind1="0" ind2="0">
            <marc:subfield code="g">第1部 ロマン主義</marc:subfield>
            <marc:subfield code="t">シェリングとプラーテン</marc:subfield>
            <marc:subfield code="r">山口和子著</marc:subfield>
          </marc:datafield>
          <marc:datafield tag="505" ind1="0" ind2="0">
            <marc:subfield code="t">ドイツ美術とメランコリーのアクチュアリティー</marc:subfield>
            <marc:subfield code="r">仲間裕子著</marc:subfield>
          </marc:datafield>
          <marc:datafield tag="505" ind1="0" ind2="0">
            <marc:subfield code="t">ピクチュアレスク・ロマンス : アン・ラドクリフによる「絵のような」小説</marc:subfield>
            <marc:subfield code="r">荒井ゆりか著</marc:subfield>
          </marc:datafield>
          <marc:datafield tag="505" ind1="0" ind2="0">
            <marc:subfield code="t">ノヴァーリスとフリードリヒ・シュレーゲルにおける構想力と数学</marc:subfield>
            <marc:subfield code="r">小川伸子著</marc:subfield>
          </marc:datafield>
          <marc:datafield tag="505" ind1="0" ind2="0">
            <marc:subfield code="t">ブレイクと「ゴシック」</marc:subfield>
            <marc:subfield code="r">潮江宏三著</marc:subfield>
          </marc:datafield>
          <marc:datafield tag="505" ind1="0" ind2="0">
            <marc:subfield code="t">フィクションとしてのドイツ観念論 : ロマン主義美学の一問題</marc:subfield>
            <marc:subfield code="r">岩城見一著</marc:subfield>
          </marc:datafield>
          <marc:datafield tag="505" ind1="0" ind2="0">
            <marc:subfield code="g">第2部 日本近代</marc:subfield>
            <marc:subfield code="t">近代日本におけるR・フライ、C・ベルの受容をめぐって</marc:subfield>
            <marc:subfield code="r">川田都樹子著</marc:subfield>
          </marc:datafield>
          <marc:datafield tag="505" ind1="0" ind2="0">
            <marc:subfield code="t">書における日本近代 : 理念と様式の「変容」をめぐって</marc:subfield>
            <marc:subfield code="r">萱のり子著</marc:subfield>
          </marc:datafield>
          <marc:datafield tag="505" ind1="0" ind2="0">
            <marc:subfield code="t">明治の女性画家 : 「閨秀」と「画家」のはざまで</marc:subfield>
            <marc:subfield code="r">池田祐子著</marc:subfield>
          </marc:datafield>
          <marc:datafield tag="505" ind1="0" ind2="0">
            <marc:subfield code="t">もうひとつの日本近代美術史 : 大正期新興美術運動からプロレタリア美術運動へ</marc:subfield>
            <marc:subfield code="r">佐々木千恵著</marc:subfield>
          </marc:datafield>
          <marc:datafield tag="505" ind1="0" ind2="0">
            <marc:subfield code="t">日本におけるE・バーク受容にみるバイアス : 近代思想史形成のポリティクス</marc:subfield>
            <marc:subfield code="r">桑島秀樹著</marc:subfield>
          </marc:datafield>
          <marc:datafield tag="505" ind1="0" ind2="0">
            <marc:subfield code="t">木下杢太郎『百花譜』ノート</marc:subfield>
            <marc:subfield code="r">上倉庸敬著</marc:subfield>
          </marc:datafield>
          <marc:datafield tag="505" ind1="0" ind2="0">
            <marc:subfield code="t">フランク・ロイド・ライトと日本 : 「機械・芸術・工芸」一九〇一〜〇五年</marc:subfield>
            <marc:subfield code="r">藤田治彦著</marc:subfield>
          </marc:datafield>
          <marc:datafield tag="505" ind1="0" ind2="0">
            <marc:subfield code="t">歴史画論争</marc:subfield>
            <marc:subfield code="r">森谷宇一著</marc:subfield>
          </marc:datafield>
          <marc:datafield tag="505" ind1="0" ind2="0">
            <marc:subfield code="t">井島勉の美学 : ひとつの「生の哲学の美学」</marc:subfield>
            <marc:subfield code="r">太田喬夫著</marc:subfield>
          </marc:datafield>
          <marc:datafield tag="505" ind1="0" ind2="0">
            <marc:subfield code="g">第3部 現代の芸術と美学</marc:subfield>
            <marc:subfield code="t">「表現主義」概念再考</marc:subfield>
            <marc:subfield code="r">大森淳史著</marc:subfield>
          </marc:datafield>
          <marc:datafield tag="505" ind1="0" ind2="0">
            <marc:subfield code="t">文化主義の美学 : ヴェルシュ「Aesthet/hics」を手がかりに</marc:subfield>
            <marc:subfield code="r">岡林洋著</marc:subfield>
          </marc:datafield>
          <marc:datafield tag="505" ind1="0" ind2="0">
            <marc:subfield code="t">素材を越えるもの : 菅木志雄の作品をめぐって</marc:subfield>
            <marc:subfield code="r">斎藤郁夫著</marc:subfield>
          </marc:datafield>
          <marc:datafield tag="505" ind1="0" ind2="0">
            <marc:subfield code="t">失われた風景 : 環境芸術のゆくえ</marc:subfield>
            <marc:subfield code="r">伊東多佳子著</marc:subfield>
          </marc:datafield>
          <marc:datafield tag="505" ind1="0" ind2="0">
            <marc:subfield code="t">芸術と偶然 : ジョン・ケージと九鬼周造をめぐって</marc:subfield>
            <marc:subfield code="r">高梨友宏著</marc:subfield>
          </marc:datafield>
          <marc:datafield tag="505" ind1="0" ind2="0">
            <marc:subfield code="t">テクスト・イメージ・文化 : グーテンベルク銀河系の内と外</marc:subfield>
            <marc:subfield code="r">三木順子著</marc:subfield>
          </marc:datafield>
          <marc:datafield tag="505" ind1="0" ind2="0">
            <marc:subfield code="t">宙吊りの「作品」 : マルタン・マルジェラ・エキシビションにおける「変化」と拡張される場の視角</marc:subfield>
            <marc:subfield code="r">谷川真美著</marc:subfield>
          </marc:datafield>
          <marc:datafield tag="505" ind1="0" ind2="0">
            <marc:subfield code="t">武満徹の《ノヴェンバー・ステップス》をめぐって</marc:subfield>
            <marc:subfield code="r">田之頭一知著</marc:subfield>
          </marc:datafield>
          <marc:datafield tag="505" ind1="0" ind2="0">
            <marc:subfield code="t">「風景」を造形する人たち : 山本正道・福岡道雄・宮崎豊治</marc:subfield>
            <marc:subfield code="r">吉原美恵子著</marc:subfield>
          </marc:datafield>
          <marc:datafield tag="505" ind1="0" ind2="0">
            <marc:subfield code="t">エミール・ノルデのプリミティヴィズム : 二つの価値観のはざまで</marc:subfield>
            <marc:subfield code="r">清原佐知子著</marc:subfield>
          </marc:datafield>
          <marc:datafield tag="505" ind1="0" ind2="0">
            <marc:subfield code="t">ワーグナーの芸術はまやかしか</marc:subfield>
            <marc:subfield code="r">高安啓介著</marc:subfield>
          </marc:datafield>
          <marc:datafield tag="505" ind1="0" ind2="0">
            <marc:subfield code="t">ジル・ドゥルーズの映画論 : リアリズムの転倒と現代の映画</marc:subfield>
            <marc:subfield code="r">前田茂著</marc:subfield>
          </marc:datafield>
          <marc:datafield tag="505" ind1="0" ind2="0">
            <marc:subfield code="t">イサム・ノグチ《鏡》について</marc:subfield>
            <marc:subfield code="r">村上敬著</marc:subfield>
          </marc:datafield>
          <marc:datafield tag="505" ind1="0" ind2="0">
            <marc:subfield code="t">英米美学と現代美術 : 分析美学とポップ・アートをめぐる試論</marc:subfield>
            <marc:subfield code="r">金悠美著</marc:subfield>
          </marc:datafield>
          <marc:datafield tag="505" ind1="0" ind2="0">
            <marc:subfield code="t">トレス海峡諸島音楽史研究がうながすもの</marc:subfield>
            <marc:subfield code="r">畑道也著</marc:subfield>
          </marc:datafield>
          <marc:datafield tag="505" ind1="0" ind2="0">
            <marc:subfield code="t">モダニズムの中のアンチ・モダニズム : ヒンデミットの「実用音楽」をめぐる一九二〇年代音楽の一コマ</marc:subfield>
            <marc:subfield code="r">三浦信一郎著</marc:subfield>
          </marc:datafield>
          <marc:datafield tag="505" ind1="0" ind2="0">
            <marc:subfield code="t">記憶術としての芸術</marc:subfield>
            <marc:subfield code="r">吉積健著</marc:subfield>
          </marc:datafield>
          <marc:datafield tag="505" ind1="0" ind2="0">
            <marc:subfield code="t">もうひとつの「反美学」</marc:subfield>
            <marc:subfield code="r">大橋良介著</marc:subfield>
          </marc:datafield>
          <marc:datafield tag="505" ind1="0" ind2="0">
            <marc:subfield code="t">Ästhetisch/Aisthetisch : 美学の根本立場の規定のために</marc:subfield>
            <marc:subfield code="r">W.ヘンクマン著 ; 高梨友宏他訳</marc:subfield>
          </marc:datafield>
          <marc:datafield tag="505" ind1="0" ind2="0">
            <marc:subfield code="t">文学研究における論争 : 文献学と文芸学</marc:subfield>
            <marc:subfield code="r">M.F.マルラ著 ; 要真理子他訳</marc:subfield>
          </marc:datafield>
          <marc:datafield tag="505" ind1="0" ind2="0">
            <marc:subfield code="t">生の技術としての哲学 : フーコーの場合</marc:subfield>
            <marc:subfield code="r">R.シュスターマン著 ; 要真理子他訳</marc:subfield>
          </marc:datafield>
          <marc:datafield tag="505" ind1="0" ind2="0">
            <marc:subfield code="t">グローバル化時代のアイデンティティ再考 : トランスカルチャーの視点から</marc:subfield>
            <marc:subfield code="r">W.ヴェルシュ著 ; 小林信之訳</marc:subfield>
          </marc:datafield>
          <marc:datafield tag="650" ind1=" " ind2="7">
            <marc:subfield code="6">880-03</marc:subfield>
            <marc:subfield code="a">神林, 恒道</marc:subfield>
            <marc:subfield code="2">BSH</marc:subfield>
          </marc:datafield>
          <marc:datafield tag="650" ind1=" " ind2="7">
            <marc:subfield code="6">880-04</marc:subfield>
            <marc:subfield code="a">芸術</marc:subfield>
            <marc:subfield code="2">BSH</marc:subfield>
          </marc:datafield>
          <marc:datafield tag="650" ind1=" " ind2="7">
            <marc:subfield code="6">880-05</marc:subfield>
            <marc:subfield code="a">美学</marc:subfield>
            <marc:subfield code="2">BSH</marc:subfield>
          </marc:datafield>
          <marc:datafield tag="740" ind1="0" ind2=" ">
            <marc:subfield code="a">美と芸術のシュンポシオン</marc:subfield>
          </marc:datafield>
          <marc:datafield tag="852" ind1=" " ind2=" ">
            <marc:subfield code="a">九大理系(FA02289X)</marc:subfield>
            <marc:subfield code="k">704/O 73</marc:subfield>
            <marc:subfield code="m">NDC</marc:subfield>
            <marc:subfield code="b">Ito</marc:subfield>
            <marc:subfield code="x">Library</marc:subfield>
            <marc:subfield code="j">伊都理系 1F 開架</marc:subfield>
            <marc:subfield code="g">Ito Rikei １F open</marc:subfield>
            <marc:subfield code="p">003112003047462</marc:subfield>
            <marc:subfield code="f">4326851775</marc:subfield>
            <marc:subfield code="6">2008-09-04</marc:subfield>
            <marc:subfield code="i">OP001000</marc:subfield>
          </marc:datafield>
          <marc:datafield tag="880" ind1="1" ind2=" ">
            <marc:subfield code="6">100-01/$1</marc:subfield>
            <marc:subfield code="a">オオサカ ダイガク ビガク ケンキュウカイ</marc:subfield>
          </marc:datafield>
          <marc:datafield tag="880" ind1="1" ind2="0">
            <marc:subfield code="6">245-02/$1</marc:subfield>
            <marc:subfield code="a">ビ ト ゲイジュツ ノ シュンポシオン : カンバヤシ ツネミチ キョウジュ タイカン キネン ロンシュウ</marc:subfield>
          </marc:datafield>
          <marc:datafield tag="880" ind1=" " ind2="7">
            <marc:subfield code="6">650-03/$1</marc:subfield>
            <marc:subfield code="a">カンバヤシ, ツネミチ</marc:subfield>
          </marc:datafield>
          <marc:datafield tag="880" ind1=" " ind2="7">
            <marc:subfield code="6">650-04/$1</marc:subfield>
            <marc:subfield code="a">ゲイジュツ</marc:subfield>
          </marc:datafield>
          <marc:datafield tag="880" ind1=" " ind2="7">
            <marc:subfield code="6">650-05/$1</marc:subfield>
            <marc:subfield code="a">ビガク</marc:subfield>
          </marc:datafield>
        </marc:record>
      </metadata>
    </record>