
    <record>
      <header>
        <identifier>oai:carli.illinois.edu:CARLIVoyager2/818</identifier>
        <datestamp>2011-10-21T18:55:54Z</datestamp>
        <setSpec>bib</setSpec>
      </header>
      <metadata>
        <marc:record xmlns:marc="http://www.loc.gov/MARC21/slim" xmlns:xsi="http://www.w3.org/2001/XMLSchema-instance" xsi:schemaLocation="http://www.loc.gov/MARC21/slim http://xc.ilcso.uiuc.edu:8080/OAIToolkit2/schema/MARC21slim_custom.xsd">
          <marc:leader>04456nam a2200709zi 4500</marc:leader>
          <marc:controlfield tag="001">BA5659162X</marc:controlfield>
          <marc:controlfield tag="003">NII</marc:controlfield>
          <marc:controlfield tag="005">20110909134420.0</marc:controlfield>
          <marc:controlfield tag="007">ta </marc:controlfield>
          <marc:controlfield tag="008">090915s2002    ja ||||||b||||||||||jpn|d</marc:controlfield>
          <marc:datafield tag="016" ind1="7" ind2=" ">
            <marc:subfield code="a">BA5659162X</marc:subfield>
            <marc:subfield code="2">JP-ToKJK</marc:subfield>
          </marc:datafield>
          <marc:datafield tag="020" ind1=" " ind2=" ">
            <marc:subfield code="a">489174555X</marc:subfield>
            <marc:subfield code="c">8000円</marc:subfield>
          </marc:datafield>
          <marc:datafield tag="040" ind1=" " ind2=" ">
            <marc:subfield code="a">NII</marc:subfield>
          </marc:datafield>
          <marc:datafield tag="041" ind1="0" ind2=" ">
            <marc:subfield code="a">jpn</marc:subfield>
          </marc:datafield>
          <marc:datafield tag="044" ind1=" " ind2=" ">
            <marc:subfield code="a">ja</marc:subfield>
            <marc:subfield code="5">NII</marc:subfield>
          </marc:datafield>
          <marc:datafield tag="084" ind1=" " ind2=" ">
            <marc:subfield code="a">929.1</marc:subfield>
            <marc:subfield code="2">NDC8</marc:subfield>
          </marc:datafield>
          <marc:datafield tag="084" ind1=" " ind2=" ">
            <marc:subfield code="a">929.1</marc:subfield>
            <marc:subfield code="2">NDC9</marc:subfield>
          </marc:datafield>
          <marc:datafield tag="100" ind1="1" ind2=" ">
            <marc:subfield code="6">880-01</marc:subfield>
            <marc:subfield code="a">大谷森繁博士古稀記念朝鮮文学論叢刊行委員会</marc:subfield>
            <marc:subfield code="0">(NII)DA13594779</marc:subfield>
          </marc:datafield>
          <marc:datafield tag="100" ind1="1" ind2=" ">
            <marc:subfield code="6">880-02</marc:subfield>
            <marc:subfield code="a">大谷, 森繁(1932-)</marc:subfield>
            <marc:subfield code="0">(NII)DA07041720</marc:subfield>
          </marc:datafield>
          <marc:datafield tag="245" ind1="1" ind2="0">
            <marc:subfield code="a">朝鮮文学論叢</marc:subfield>
            <marc:subfield code="b">大谷森繁博士古稀記念</marc:subfield>
            <marc:subfield code="c">大谷森繁博士古稀記念朝鮮文学論叢刊行委員会編</marc:subfield>
            <marc:subfield code="6">880-03</marc:subfield>
          </marc:datafield>
          <marc:datafield tag="260" ind1=" " ind2=" ">
            <marc:subfield code="a">東京</marc:subfield>
            <marc:subfield code="b">白帝社</marc:subfield>
            <marc:subfield code="c">2002.3</marc:subfield>
          </marc:datafield>
          <marc:datafield tag="300" ind1=" " ind2=" ">
            <marc:subfield code="a">xxiii, 321p, 図版1枚</marc:subfield>
            <marc:subfield code="c">22cm</marc:subfield>
          </marc:datafield>
          <marc:datafield tag="500" ind1=" " ind2=" ">
            <marc:subfield code="a">大谷森繁先生略年譜: 巻頭pi-vii</marc:subfield>
          </marc:datafield>
          <marc:datafield tag="500" ind1=" " ind2=" ">
            <marc:subfield code="a">参考文献: 章末</marc:subfield>
          </marc:datafield>
          <marc:datafield tag="500" ind1=" " ind2=" ">
            <marc:subfield code="a">大谷森繁の肖像あり</marc:subfield>
          </marc:datafield>
          <marc:datafield tag="505" ind1="0" ind2="0">
            <marc:subfield code="t">朝鮮と日本における明・清小説受容の様相と特色 : 『剪燈新話』と『封神演義』を中心として</marc:subfield>
            <marc:subfield code="r">大谷森繁著</marc:subfield>
          </marc:datafield>
          <marc:datafield tag="505" ind1="0" ind2="0">
            <marc:subfield code="t">郷歌と天人相関思想</marc:subfield>
            <marc:subfield code="r">岡山善一郎著</marc:subfield>
          </marc:datafield>
          <marc:datafield tag="505" ind1="0" ind2="0">
            <marc:subfield code="t">『閑中漫録』を読む</marc:subfield>
            <marc:subfield code="r">鶴園裕著</marc:subfield>
          </marc:datafield>
          <marc:datafield tag="505" ind1="0" ind2="0">
            <marc:subfield code="t">楚地方儺風俗と`くれのうたまひ (伎楽儛)' : 韓国仮面戯の系統問題として</marc:subfield>
            <marc:subfield code="r">成澤勝著</marc:subfield>
          </marc:datafield>
          <marc:datafield tag="505" ind1="0" ind2="0">
            <marc:subfield code="t">完板八十四張本『烈女春香守節歌』に見る非妓生的表現の考察 : 完板三十三張本『烈女春香守節歌』との比較による</marc:subfield>
            <marc:subfield code="r">西岡健治著</marc:subfield>
          </marc:datafield>
          <marc:datafield tag="505" ind1="0" ind2="0">
            <marc:subfield code="t">朝鮮の異人像 : 『国朝人物考』を中心に</marc:subfield>
            <marc:subfield code="r">野崎充彦著</marc:subfield>
          </marc:datafield>
          <marc:datafield tag="505" ind1="0" ind2="0">
            <marc:subfield code="t">圃隠鄭夢周の「食藕」詩小考</marc:subfield>
            <marc:subfield code="r">朴美子著</marc:subfield>
          </marc:datafield>
          <marc:datafield tag="505" ind1="0" ind2="0">
            <marc:subfield code="t">朝鮮刊本『金鰲新話』と林羅山</marc:subfield>
            <marc:subfield code="r">邊恩田著</marc:subfield>
          </marc:datafield>
          <marc:datafield tag="505" ind1="0" ind2="0">
            <marc:subfield code="t">『玩月会盟宴』における継母の葛藤 : 継子虐待の原因と懺悔の場面を中心に</marc:subfield>
            <marc:subfield code="r">山田恭子著</marc:subfield>
          </marc:datafield>
          <marc:datafield tag="505" ind1="0" ind2="0">
            <marc:subfield code="t">沈連洙の詩をめぐって</marc:subfield>
            <marc:subfield code="r">大村益夫著</marc:subfield>
          </marc:datafield>
          <marc:datafield tag="505" ind1="0" ind2="0">
            <marc:subfield code="t">焔群社とパスキュラの結成</marc:subfield>
            <marc:subfield code="r">金学烈著</marc:subfield>
          </marc:datafield>
          <marc:datafield tag="505" ind1="0" ind2="0">
            <marc:subfield code="t">尹東柱の童謡・童詩について</marc:subfield>
            <marc:subfield code="r">熊木勉著</marc:subfield>
          </marc:datafield>
          <marc:datafield tag="505" ind1="0" ind2="0">
            <marc:subfield code="t">廉想渉&lt;万歳前&gt;の人物造形と人間認識</marc:subfield>
            <marc:subfield code="r">白川豊著</marc:subfield>
          </marc:datafield>
          <marc:datafield tag="505" ind1="0" ind2="0">
            <marc:subfield code="t">李箕永の長篇『處女地』論</marc:subfield>
            <marc:subfield code="r">芹川哲世著</marc:subfield>
          </marc:datafield>
          <marc:datafield tag="505" ind1="0" ind2="0">
            <marc:subfield code="t">啓蒙と無垢の間 : 韓国近代文学における子供</marc:subfield>
            <marc:subfield code="r">丁貴連著</marc:subfield>
          </marc:datafield>
          <marc:datafield tag="505" ind1="0" ind2="0">
            <marc:subfield code="t">獄中の豪傑たち : 洪命憙と李光洙が東京で共有した世界</marc:subfield>
            <marc:subfield code="r">波田野節子著</marc:subfield>
          </marc:datafield>
          <marc:datafield tag="505" ind1="0" ind2="0">
            <marc:subfield code="t">金南天の「市」と芥川龍之介の「藪の中」 : 視点について</marc:subfield>
            <marc:subfield code="r">藤石貴代著</marc:subfield>
          </marc:datafield>
          <marc:datafield tag="505" ind1="0" ind2="0">
            <marc:subfield code="t">『学之光』小考 : 新発見の第8号と,第11号を中心に</marc:subfield>
            <marc:subfield code="r">布袋敏博著</marc:subfield>
          </marc:datafield>
          <marc:datafield tag="505" ind1="0" ind2="0">
            <marc:subfield code="t">林和「新文学史の方法」再考 : &lt;新文学史&gt;という発想</marc:subfield>
            <marc:subfield code="r">渡辺直紀著</marc:subfield>
          </marc:datafield>
          <marc:datafield tag="505" ind1="0" ind2="0">
            <marc:subfield code="t">朝鮮における詩と絵画 : 朝鮮・室町文化の接点</marc:subfield>
            <marc:subfield code="r">李元恵著</marc:subfield>
          </marc:datafield>
          <marc:datafield tag="505" ind1="0" ind2="0">
            <marc:subfield code="t">東北大学狩野文庫『白石叢書』収「朝鮮國字讀」初探</marc:subfield>
            <marc:subfield code="r">川瀬絹著</marc:subfield>
          </marc:datafield>
          <marc:datafield tag="505" ind1="0" ind2="0">
            <marc:subfield code="t">中国朝鮮族に於ける言語文化の変遷</marc:subfield>
            <marc:subfield code="r">金敬雄著</marc:subfield>
          </marc:datafield>
          <marc:datafield tag="505" ind1="0" ind2="0">
            <marc:subfield code="t">座経の構造</marc:subfield>
            <marc:subfield code="r">村上祥子著</marc:subfield>
          </marc:datafield>
          <marc:datafield tag="650" ind1=" " ind2="7">
            <marc:subfield code="6">880-04</marc:subfield>
            <marc:subfield code="a">大谷, 森繁</marc:subfield>
            <marc:subfield code="2">BSH</marc:subfield>
          </marc:datafield>
          <marc:datafield tag="650" ind1=" " ind2="7">
            <marc:subfield code="6">880-05</marc:subfield>
            <marc:subfield code="a">朝鮮文学</marc:subfield>
            <marc:subfield code="2">BSH</marc:subfield>
          </marc:datafield>
          <marc:datafield tag="650" ind1=" " ind2="7">
            <marc:subfield code="6">880-06</marc:subfield>
            <marc:subfield code="a">朝鮮文学 -- 記念論文集</marc:subfield>
            <marc:subfield code="2">NDLSH</marc:subfield>
          </marc:datafield>
          <marc:datafield tag="740" ind1="0" ind2=" ">
            <marc:subfield code="a">朝鮮文学論叢</marc:subfield>
          </marc:datafield>
          <marc:datafield tag="852" ind1=" " ind2=" ">
            <marc:subfield code="a">九大(FA003454)</marc:subfield>
            <marc:subfield code="k">朝鮮史/042J/35</marc:subfield>
            <marc:subfield code="m">OTHER</marc:subfield>
            <marc:subfield code="b">Humanities and Social Sciences</marc:subfield>
            <marc:subfield code="x">Library</marc:subfield>
            <marc:subfield code="j">文 朝鮮史</marc:subfield>
            <marc:subfield code="g">LETTERS, Korean History</marc:subfield>
            <marc:subfield code="p">005112002004260</marc:subfield>
            <marc:subfield code="f">489174555X</marc:subfield>
            <marc:subfield code="6">2009-08-04</marc:subfield>
            <marc:subfield code="i">AA203000</marc:subfield>
          </marc:datafield>
          <marc:datafield tag="852" ind1=" " ind2=" ">
            <marc:subfield code="a">九大(FA003454)</marc:subfield>
            <marc:subfield code="k">朝鮮史/042J/36</marc:subfield>
            <marc:subfield code="m">OTHER</marc:subfield>
            <marc:subfield code="b">Humanities and Social Sciences</marc:subfield>
            <marc:subfield code="x">Library</marc:subfield>
            <marc:subfield code="j">文 朝鮮史</marc:subfield>
            <marc:subfield code="g">LETTERS, Korean History</marc:subfield>
            <marc:subfield code="p">005112002008003</marc:subfield>
            <marc:subfield code="f">489174555X</marc:subfield>
            <marc:subfield code="6">2009-08-04</marc:subfield>
            <marc:subfield code="i">AA203000</marc:subfield>
          </marc:datafield>
          <marc:datafield tag="852" ind1=" " ind2=" ">
            <marc:subfield code="a">九大理系(FA02289X)</marc:subfield>
            <marc:subfield code="k">929.1/O 84</marc:subfield>
            <marc:subfield code="m">NDC</marc:subfield>
            <marc:subfield code="b">Ito</marc:subfield>
            <marc:subfield code="x">Library</marc:subfield>
            <marc:subfield code="j">伊都中央 BF開架</marc:subfield>
            <marc:subfield code="g">ItoChuo BF Open Stacks</marc:subfield>
            <marc:subfield code="p">058112007066386</marc:subfield>
            <marc:subfield code="f">489174555X</marc:subfield>
            <marc:subfield code="6">2008-04-17</marc:subfield>
            <marc:subfield code="i">OQ995000</marc:subfield>
          </marc:datafield>
          <marc:datafield tag="880" ind1="1" ind2=" ">
            <marc:subfield code="6">100-01/$1</marc:subfield>
            <marc:subfield code="a">オオタニ モリシゲ ハクシ コキ キネン チョウセン ブンガク ロンソウ カンコウ イインカイ</marc:subfield>
          </marc:datafield>
          <marc:datafield tag="880" ind1="1" ind2=" ">
            <marc:subfield code="6">100-02/$1</marc:subfield>
            <marc:subfield code="a">オオタニ, モリシゲ</marc:subfield>
          </marc:datafield>
          <marc:datafield tag="880" ind1="1" ind2="0">
            <marc:subfield code="6">245-03/$1</marc:subfield>
            <marc:subfield code="a">チョウセン ブンガク ロンソウ : オオタニ モリシゲ ハクシ コキ キネン</marc:subfield>
          </marc:datafield>
          <marc:datafield tag="880" ind1=" " ind2="7">
            <marc:subfield code="6">650-04/$1</marc:subfield>
            <marc:subfield code="a">オオタニ, モリシゲ</marc:subfield>
          </marc:datafield>
          <marc:datafield tag="880" ind1=" " ind2="7">
            <marc:subfield code="6">650-05/$1</marc:subfield>
            <marc:subfield code="a">チョウセンブンガク</marc:subfield>
          </marc:datafield>
          <marc:datafield tag="880" ind1=" " ind2="7">
            <marc:subfield code="6">650-06/$1</marc:subfield>
            <marc:subfield code="a">チョウセンブンガク -- キネンロンブンシュウ</marc:subfield>
          </marc:datafield>
        </marc:record>
      </metadata>
    </record>