
    <record>
      <header>
        <identifier>oai:carli.illinois.edu:CARLIVoyager2/824</identifier>
        <datestamp>2011-10-21T18:55:54Z</datestamp>
        <setSpec>bib</setSpec>
      </header>
      <metadata>
        <marc:record xmlns:marc="http://www.loc.gov/MARC21/slim" xmlns:xsi="http://www.w3.org/2001/XMLSchema-instance" xsi:schemaLocation="http://www.loc.gov/MARC21/slim http://xc.ilcso.uiuc.edu:8080/OAIToolkit2/schema/MARC21slim_custom.xsd">
          <marc:leader>02417nam a2200517zi 4500</marc:leader>
          <marc:controlfield tag="001">BA56959341</marc:controlfield>
          <marc:controlfield tag="003">NII</marc:controlfield>
          <marc:controlfield tag="005">20110909134421.0</marc:controlfield>
          <marc:controlfield tag="007">ta </marc:controlfield>
          <marc:controlfield tag="008">090915s2002    ja ||||||b||||||||||jpn|d</marc:controlfield>
          <marc:datafield tag="016" ind1="7" ind2=" ">
            <marc:subfield code="a">BA56959341</marc:subfield>
            <marc:subfield code="2">JP-ToKJK</marc:subfield>
          </marc:datafield>
          <marc:datafield tag="020" ind1=" " ind2=" ">
            <marc:subfield code="a">4258045233</marc:subfield>
            <marc:subfield code="c">2400円</marc:subfield>
          </marc:datafield>
          <marc:datafield tag="040" ind1=" " ind2=" ">
            <marc:subfield code="a">NII</marc:subfield>
          </marc:datafield>
          <marc:datafield tag="041" ind1="0" ind2=" ">
            <marc:subfield code="a">jpn</marc:subfield>
          </marc:datafield>
          <marc:datafield tag="044" ind1=" " ind2=" ">
            <marc:subfield code="a">ja</marc:subfield>
            <marc:subfield code="5">NII</marc:subfield>
          </marc:datafield>
          <marc:datafield tag="084" ind1=" " ind2=" ">
            <marc:subfield code="a">366.38</marc:subfield>
            <marc:subfield code="2">NDC9</marc:subfield>
          </marc:datafield>
          <marc:datafield tag="084" ind1=" " ind2=" ">
            <marc:subfield code="a">EL187</marc:subfield>
            <marc:subfield code="2">NDLC</marc:subfield>
          </marc:datafield>
          <marc:datafield tag="100" ind1="1" ind2=" ">
            <marc:subfield code="6">880-01</marc:subfield>
            <marc:subfield code="a">村上, 薫(1967-)</marc:subfield>
            <marc:subfield code="0">(NII)DA13139841</marc:subfield>
          </marc:datafield>
          <marc:datafield tag="100" ind1="1" ind2=" ">
            <marc:subfield code="6">880-02</marc:subfield>
            <marc:subfield code="a">アジア経済研究所</marc:subfield>
            <marc:subfield code="0">(NII)DA00421698</marc:subfield>
          </marc:datafield>
          <marc:datafield tag="245" ind1="1" ind2="0">
            <marc:subfield code="a">後発工業国における女性労働と社会政策</marc:subfield>
            <marc:subfield code="c">村上薫編</marc:subfield>
            <marc:subfield code="6">880-03</marc:subfield>
          </marc:datafield>
          <marc:datafield tag="246" ind1="3" ind2="3">
            <marc:subfield code="a">Women's labor and social policies in developing countries</marc:subfield>
          </marc:datafield>
          <marc:datafield tag="260" ind1=" " ind2=" ">
            <marc:subfield code="a">千葉</marc:subfield>
            <marc:subfield code="b">日本貿易振興会アジア経済研究所</marc:subfield>
            <marc:subfield code="c">2002.3</marc:subfield>
          </marc:datafield>
          <marc:datafield tag="300" ind1=" " ind2=" ">
            <marc:subfield code="a">iv, 217p</marc:subfield>
            <marc:subfield code="c">21cm</marc:subfield>
          </marc:datafield>
          <marc:datafield tag="490" ind1="0" ind2=" ">
            <marc:subfield code="6">880-04</marc:subfield>
            <marc:subfield code="a">研究双書 / アジア経済研究所 [編]</marc:subfield>
            <marc:subfield code="3">BN00234878</marc:subfield>
            <marc:subfield code="v">523</marc:subfield>
          </marc:datafield>
          <marc:datafield tag="500" ind1=" " ind2=" ">
            <marc:subfield code="a">欧文タイトルは標題紙裏による</marc:subfield>
          </marc:datafield>
          <marc:datafield tag="500" ind1=" " ind2=" ">
            <marc:subfield code="a">参考文献: 各章末</marc:subfield>
          </marc:datafield>
          <marc:datafield tag="500" ind1=" " ind2=" ">
            <marc:subfield code="a">2001年度「開発途上国における女性の労働力化と国家の役割」研究会の最終報告書</marc:subfield>
          </marc:datafield>
          <marc:datafield tag="650" ind1=" " ind2="7">
            <marc:subfield code="6">880-05</marc:subfield>
            <marc:subfield code="a">婦人労働</marc:subfield>
            <marc:subfield code="2">NDLSH</marc:subfield>
          </marc:datafield>
          <marc:datafield tag="650" ind1=" " ind2="7">
            <marc:subfield code="6">880-06</marc:subfield>
            <marc:subfield code="a">後進国</marc:subfield>
            <marc:subfield code="2">NDLSH</marc:subfield>
          </marc:datafield>
          <marc:datafield tag="650" ind1=" " ind2="7">
            <marc:subfield code="6">880-07</marc:subfield>
            <marc:subfield code="a">婦人労働</marc:subfield>
            <marc:subfield code="2">BSH</marc:subfield>
          </marc:datafield>
          <marc:datafield tag="650" ind1=" " ind2="7">
            <marc:subfield code="6">880-08</marc:subfield>
            <marc:subfield code="a">社会政策</marc:subfield>
            <marc:subfield code="2">BSH</marc:subfield>
          </marc:datafield>
          <marc:datafield tag="650" ind1=" " ind2="7">
            <marc:subfield code="6">880-09</marc:subfield>
            <marc:subfield code="a">発展途上国</marc:subfield>
            <marc:subfield code="2">BSH</marc:subfield>
          </marc:datafield>
          <marc:datafield tag="740" ind1="0" ind2=" ">
            <marc:subfield code="a">後発工業国における女性労働と社会政策</marc:subfield>
          </marc:datafield>
          <marc:datafield tag="830" ind1=" " ind2=" ">
            <marc:subfield code="w">BN00234878</marc:subfield>
          </marc:datafield>
          <marc:datafield tag="852" ind1=" " ind2=" ">
            <marc:subfield code="a">九大(FA003454)</marc:subfield>
            <marc:subfield code="k">366.38/Mu 43/20020075</marc:subfield>
            <marc:subfield code="m">NDC</marc:subfield>
            <marc:subfield code="b">Humanities and Social Sciences</marc:subfield>
            <marc:subfield code="x">Library</marc:subfield>
            <marc:subfield code="j">経</marc:subfield>
            <marc:subfield code="g">ECONOMICS</marc:subfield>
            <marc:subfield code="p">017112002000758</marc:subfield>
            <marc:subfield code="f">4258045233</marc:subfield>
            <marc:subfield code="6">2002-07-10</marc:subfield>
            <marc:subfield code="i">DA000000</marc:subfield>
          </marc:datafield>
          <marc:datafield tag="852" ind1=" " ind2=" ">
            <marc:subfield code="a">九大(FA003454)</marc:subfield>
            <marc:subfield code="k">330.8/A 27/(523)</marc:subfield>
            <marc:subfield code="m">NDC</marc:subfield>
            <marc:subfield code="b">Central</marc:subfield>
            <marc:subfield code="x">Library</marc:subfield>
            <marc:subfield code="j">中図 書庫(農)</marc:subfield>
            <marc:subfield code="g">CENTRAL LIBRARY Stack</marc:subfield>
            <marc:subfield code="p">034112002002160</marc:subfield>
            <marc:subfield code="f">4258045233</marc:subfield>
            <marc:subfield code="6">2002-06-13</marc:subfield>
            <marc:subfield code="i">JA909000</marc:subfield>
          </marc:datafield>
          <marc:datafield tag="880" ind1="1" ind2=" ">
            <marc:subfield code="6">100-01/$1</marc:subfield>
            <marc:subfield code="a">ムラカミ, カオル</marc:subfield>
          </marc:datafield>
          <marc:datafield tag="880" ind1="1" ind2=" ">
            <marc:subfield code="6">100-02/$1</marc:subfield>
            <marc:subfield code="a">アジア ケイザイ ケンキュウジョ</marc:subfield>
          </marc:datafield>
          <marc:datafield tag="880" ind1="1" ind2="0">
            <marc:subfield code="6">245-03/$1</marc:subfield>
            <marc:subfield code="a">コウハツ コウギョウコク ニ オケル ジョセイ ロウドウ ト シャカイ セイサク</marc:subfield>
          </marc:datafield>
          <marc:datafield tag="880" ind1="0" ind2=" ">
            <marc:subfield code="6">490-04/$1</marc:subfield>
            <marc:subfield code="a">ケンキュウ ソウショ</marc:subfield>
          </marc:datafield>
          <marc:datafield tag="880" ind1=" " ind2="7">
            <marc:subfield code="6">650-05/$1</marc:subfield>
            <marc:subfield code="a">フジンロウドウ</marc:subfield>
          </marc:datafield>
          <marc:datafield tag="880" ind1=" " ind2="7">
            <marc:subfield code="6">650-06/$1</marc:subfield>
            <marc:subfield code="a">コウシンコク</marc:subfield>
          </marc:datafield>
          <marc:datafield tag="880" ind1=" " ind2="7">
            <marc:subfield code="6">650-07/$1</marc:subfield>
            <marc:subfield code="a">フジンロウドウ</marc:subfield>
          </marc:datafield>
          <marc:datafield tag="880" ind1=" " ind2="7">
            <marc:subfield code="6">650-08/$1</marc:subfield>
            <marc:subfield code="a">シャカイセイサク</marc:subfield>
          </marc:datafield>
          <marc:datafield tag="880" ind1=" " ind2="7">
            <marc:subfield code="6">650-09/$1</marc:subfield>
            <marc:subfield code="a">ハッテントジョウコク</marc:subfield>
          </marc:datafield>
        </marc:record>
      </metadata>
    </record>