
    <record>
      <header>
        <identifier>oai:carli.illinois.edu:CARLIVoyager2/832</identifier>
        <datestamp>2011-10-21T18:55:54Z</datestamp>
        <setSpec>bib</setSpec>
      </header>
      <metadata>
        <marc:record xmlns:marc="http://www.loc.gov/MARC21/slim" xmlns:xsi="http://www.w3.org/2001/XMLSchema-instance" xsi:schemaLocation="http://www.loc.gov/MARC21/slim http://xc.ilcso.uiuc.edu:8080/OAIToolkit2/schema/MARC21slim_custom.xsd">
          <marc:leader>06483nam a2200985zi 4500</marc:leader>
          <marc:controlfield tag="001">BA57653518</marc:controlfield>
          <marc:controlfield tag="003">NII</marc:controlfield>
          <marc:controlfield tag="005">20110909134424.0</marc:controlfield>
          <marc:controlfield tag="007">ta </marc:controlfield>
          <marc:controlfield tag="008">090915s2002    ja ||||||b||||||||||jpn|d</marc:controlfield>
          <marc:datafield tag="016" ind1="7" ind2=" ">
            <marc:subfield code="a">BA57653518</marc:subfield>
            <marc:subfield code="2">JP-ToKJK</marc:subfield>
          </marc:datafield>
          <marc:datafield tag="020" ind1=" " ind2=" ">
            <marc:subfield code="a">4641132992</marc:subfield>
          </marc:datafield>
          <marc:datafield tag="040" ind1=" " ind2=" ">
            <marc:subfield code="a">NII</marc:subfield>
          </marc:datafield>
          <marc:datafield tag="041" ind1="0" ind2=" ">
            <marc:subfield code="a">jpn</marc:subfield>
          </marc:datafield>
          <marc:datafield tag="044" ind1=" " ind2=" ">
            <marc:subfield code="a">ja</marc:subfield>
            <marc:subfield code="5">NII</marc:subfield>
          </marc:datafield>
          <marc:datafield tag="084" ind1=" " ind2=" ">
            <marc:subfield code="a">327.04</marc:subfield>
            <marc:subfield code="2">NDC8</marc:subfield>
          </marc:datafield>
          <marc:datafield tag="084" ind1=" " ind2=" ">
            <marc:subfield code="a">327.3</marc:subfield>
            <marc:subfield code="2">NDC9</marc:subfield>
          </marc:datafield>
          <marc:datafield tag="100" ind1="1" ind2=" ">
            <marc:subfield code="6">880-01</marc:subfield>
            <marc:subfield code="a">伊藤, 眞(1945-)</marc:subfield>
            <marc:subfield code="0">(NII)DA00488724</marc:subfield>
          </marc:datafield>
          <marc:datafield tag="100" ind1="1" ind2=" ">
            <marc:subfield code="6">880-02</marc:subfield>
            <marc:subfield code="a">春日, 偉知郎(1949-)</marc:subfield>
            <marc:subfield code="0">(NII)DA05632952</marc:subfield>
          </marc:datafield>
          <marc:datafield tag="100" ind1="1" ind2=" ">
            <marc:subfield code="6">880-03</marc:subfield>
            <marc:subfield code="a">上原, 敏夫</marc:subfield>
            <marc:subfield code="0">(NII)DA06424837</marc:subfield>
          </marc:datafield>
          <marc:datafield tag="100" ind1="1" ind2=" ">
            <marc:subfield code="6">880-04</marc:subfield>
            <marc:subfield code="a">野村, 秀敏(1950-)</marc:subfield>
            <marc:subfield code="0">(NII)DA00489603</marc:subfield>
          </marc:datafield>
          <marc:datafield tag="245" ind1="1" ind2="0">
            <marc:subfield code="a">権利実現過程の基本構造</marc:subfield>
            <marc:subfield code="b">竹下守夫先生古稀祝賀</marc:subfield>
            <marc:subfield code="c">伊藤眞 [ほか] 編</marc:subfield>
            <marc:subfield code="6">880-05</marc:subfield>
          </marc:datafield>
          <marc:datafield tag="246" ind1="3" ind2="3">
            <marc:subfield code="a">Grundstruktur des Zwangsvollstreckungs-und Insolvenzrechts</marc:subfield>
          </marc:datafield>
          <marc:datafield tag="260" ind1=" " ind2=" ">
            <marc:subfield code="a">東京</marc:subfield>
            <marc:subfield code="b">有斐閣</marc:subfield>
            <marc:subfield code="c">2002.6</marc:subfield>
          </marc:datafield>
          <marc:datafield tag="300" ind1=" " ind2=" ">
            <marc:subfield code="a">vii, 995p, 図版1枚</marc:subfield>
            <marc:subfield code="c">22cm</marc:subfield>
          </marc:datafield>
          <marc:datafield tag="500" ind1=" " ind2=" ">
            <marc:subfield code="a">その他の編者: 春日偉知郎, 上原敏夫, 野村秀敏</marc:subfield>
          </marc:datafield>
          <marc:datafield tag="500" ind1=" " ind2=" ">
            <marc:subfield code="a">竹下守夫の肖像あり</marc:subfield>
          </marc:datafield>
          <marc:datafield tag="500" ind1=" " ind2=" ">
            <marc:subfield code="a">竹下守夫先生主要研究業績目録: p968-991</marc:subfield>
          </marc:datafield>
          <marc:datafield tag="500" ind1=" " ind2=" ">
            <marc:subfield code="a">竹下守夫先生略歴: p963-967</marc:subfield>
          </marc:datafield>
          <marc:datafield tag="505" ind1="0" ind2="0">
            <marc:subfield code="t">裁判上の担保をめぐる執行手続</marc:subfield>
            <marc:subfield code="r">上原敏夫著</marc:subfield>
          </marc:datafield>
          <marc:datafield tag="505" ind1="0" ind2="0">
            <marc:subfield code="t">第三者異議の訴えをめぐる最近の論点 : ドイツ法を中心に</marc:subfield>
            <marc:subfield code="r">遠藤功著</marc:subfield>
          </marc:datafield>
          <marc:datafield tag="505" ind1="0" ind2="0">
            <marc:subfield code="t">第三者異議訴訟における事案解明 : ドイツ法における訴え提起前の情報提供義務に即して</marc:subfield>
            <marc:subfield code="r">春日偉知郎著</marc:subfield>
          </marc:datafield>
          <marc:datafield tag="505" ind1="0" ind2="0">
            <marc:subfield code="t">民事執行過程における弁護士の役割</marc:subfield>
            <marc:subfield code="r">加藤新太郎著</marc:subfield>
          </marc:datafield>
          <marc:datafield tag="505" ind1="0" ind2="0">
            <marc:subfield code="t">韓・日民事執行法上の主要制度と論点の比較 : 韓国の新しい民事執行法の制定およびその内容と関連して</marc:subfield>
            <marc:subfield code="r">金庠均著</marc:subfield>
          </marc:datafield>
          <marc:datafield tag="505" ind1="0" ind2="0">
            <marc:subfield code="t">不動産引渡命令の制度的限界について</marc:subfield>
            <marc:subfield code="r">徳田和幸著</marc:subfield>
          </marc:datafield>
          <marc:datafield tag="505" ind1="0" ind2="0">
            <marc:subfield code="t">不動産執行における無剰余取消制度の機能とその限界について</marc:subfield>
            <marc:subfield code="r">難波孝一著</marc:subfield>
          </marc:datafield>
          <marc:datafield tag="505" ind1="0" ind2="0">
            <marc:subfield code="t">抵当権に基づく収益管理制度の立法論的検討</marc:subfield>
            <marc:subfield code="r">野村秀敏著</marc:subfield>
          </marc:datafield>
          <marc:datafield tag="505" ind1="0" ind2="0">
            <marc:subfield code="t">過怠約款と執行文</marc:subfield>
            <marc:subfield code="r">松本博之著</marc:subfield>
          </marc:datafield>
          <marc:datafield tag="505" ind1="0" ind2="0">
            <marc:subfield code="t">外国判決の執行についての一考察 : 給与天引の方法で子の養育費の支払を命じる外国判決の執行許容性の問題を契機として</marc:subfield>
            <marc:subfield code="r">村上正子著</marc:subfield>
          </marc:datafield>
          <marc:datafield tag="505" ind1="0" ind2="0">
            <marc:subfield code="t">強制執行手続における債権者の保護と債務者の保護</marc:subfield>
            <marc:subfield code="r">山本和彦著</marc:subfield>
          </marc:datafield>
          <marc:datafield tag="505" ind1="0" ind2="0">
            <marc:subfield code="t">抵当権の特定承継人の執行手続上の地位</marc:subfield>
            <marc:subfield code="r">山本克己著</marc:subfield>
          </marc:datafield>
          <marc:datafield tag="505" ind1="0" ind2="0">
            <marc:subfield code="t">物件明細書の今日的意義</marc:subfield>
            <marc:subfield code="r">吉野孝義著</marc:subfield>
          </marc:datafield>
          <marc:datafield tag="505" ind1="0" ind2="0">
            <marc:subfield code="t">仮処分の方法についての覚書 : 民事保全法二四条の新たな含意の探求</marc:subfield>
            <marc:subfield code="r">川嶋四郎著</marc:subfield>
          </marc:datafield>
          <marc:datafield tag="505" ind1="0" ind2="0">
            <marc:subfield code="t">ヨーロッパにおける仮の権利保護</marc:subfield>
            <marc:subfield code="r">ロルフ・シュテュルナー著 ; 春日偉知郎訳</marc:subfield>
          </marc:datafield>
          <marc:datafield tag="505" ind1="0" ind2="0">
            <marc:subfield code="t">任意の履行に期待する仮処分の再検討</marc:subfield>
            <marc:subfield code="r">瀬木比呂志著</marc:subfield>
          </marc:datafield>
          <marc:datafield tag="505" ind1="0" ind2="0">
            <marc:subfield code="t">処分禁止仮処分の効力の客観的範囲</marc:subfield>
            <marc:subfield code="r">高橋宏志著</marc:subfield>
          </marc:datafield>
          <marc:datafield tag="505" ind1="0" ind2="0">
            <marc:subfield code="t">提訴に必要な情報を得るための仮処分 : 暫定的実体権再論</marc:subfield>
            <marc:subfield code="r">長谷部由起子著</marc:subfield>
          </marc:datafield>
          <marc:datafield tag="505" ind1="0" ind2="0">
            <marc:subfield code="t">債権に関する処分禁止仮処分</marc:subfield>
            <marc:subfield code="r">若林諒著</marc:subfield>
          </marc:datafield>
          <marc:datafield tag="505" ind1="0" ind2="0">
            <marc:subfield code="t">更生担保権確定の意義と確定訴訟の結果の取扱い</marc:subfield>
            <marc:subfield code="r">伊藤眞著</marc:subfield>
          </marc:datafield>
          <marc:datafield tag="505" ind1="0" ind2="0">
            <marc:subfield code="t">破産法五九条一項による解除権の制限と基準</marc:subfield>
            <marc:subfield code="r">金子宏直著</marc:subfield>
          </marc:datafield>
          <marc:datafield tag="505" ind1="0" ind2="0">
            <marc:subfield code="t">破産免責の論理と心理</marc:subfield>
            <marc:subfield code="r">古閑裕二著</marc:subfield>
          </marc:datafield>
          <marc:datafield tag="505" ind1="0" ind2="0">
            <marc:subfield code="t">倒産処理と検査役選任制度</marc:subfield>
            <marc:subfield code="r">四宮章夫著</marc:subfield>
          </marc:datafield>
          <marc:datafield tag="505" ind1="0" ind2="0">
            <marc:subfield code="t">更生特例法による保険会社・銀行等の処理</marc:subfield>
            <marc:subfield code="r">高木新二郎著</marc:subfield>
          </marc:datafield>
          <marc:datafield tag="505" ind1="0" ind2="0">
            <marc:subfield code="t">倒産内外を通じた動態的担保試案 : 人的財産担保の変動をめぐって</marc:subfield>
            <marc:subfield code="r">竹内康二著</marc:subfield>
          </marc:datafield>
          <marc:datafield tag="505" ind1="0" ind2="0">
            <marc:subfield code="t">倒産手続と契約解除権 : 倒産手続開始後における倒産者の相手方による解除権の行使を中心として</marc:subfield>
            <marc:subfield code="r">福永有利著</marc:subfield>
          </marc:datafield>
          <marc:datafield tag="505" ind1="0" ind2="0">
            <marc:subfield code="t">台湾(中華民国)の破産法上の和解について</marc:subfield>
            <marc:subfield code="r">福山達夫著</marc:subfield>
          </marc:datafield>
          <marc:datafield tag="505" ind1="0" ind2="0">
            <marc:subfield code="t">法人たる債務者の組織法的側面に関する訴訟の倒産手続における取扱いについて</marc:subfield>
            <marc:subfield code="r">松下淳一著</marc:subfield>
          </marc:datafield>
          <marc:datafield tag="505" ind1="0" ind2="0">
            <marc:subfield code="t">会社更生法の立案過程からみた営業譲渡の手続的規律</marc:subfield>
            <marc:subfield code="r">深山卓也著</marc:subfield>
          </marc:datafield>
          <marc:datafield tag="505" ind1="0" ind2="0">
            <marc:subfield code="t">司法による再建型倒産手続の運用についての再考</marc:subfield>
            <marc:subfield code="r">門口正人著</marc:subfield>
          </marc:datafield>
          <marc:datafield tag="505" ind1="0" ind2="0">
            <marc:subfield code="t">破産法六一条考</marc:subfield>
            <marc:subfield code="r">山本弘著</marc:subfield>
          </marc:datafield>
          <marc:datafield tag="505" ind1="0" ind2="0">
            <marc:subfield code="t">ドイツ新倒産法における倒産処理計画の成立と法的性質</marc:subfield>
            <marc:subfield code="r">ディーター・ライポルト著 ; 野村秀敏訳</marc:subfield>
          </marc:datafield>
          <marc:datafield tag="505" ind1="0" ind2="0">
            <marc:subfield code="t">民事再生手続における再生債務者の代理人の地位と責務 : アメリカの連邦破産法第一一章手続におけるDIP代理人を中心として</marc:subfield>
            <marc:subfield code="r">我妻学著</marc:subfield>
          </marc:datafield>
          <marc:datafield tag="505" ind1="0" ind2="0">
            <marc:subfield code="t">会社の分割と係属中の訴訟の帰趨</marc:subfield>
            <marc:subfield code="r">青山善充著</marc:subfield>
          </marc:datafield>
          <marc:datafield tag="505" ind1="0" ind2="0">
            <marc:subfield code="t">試論 : 制度契約としての仲裁契約</marc:subfield>
            <marc:subfield code="r">小島武司著</marc:subfield>
          </marc:datafield>
          <marc:datafield tag="505" ind1="0" ind2="0">
            <marc:subfield code="t">随想 : 畏兄、竹下守夫先生</marc:subfield>
            <marc:subfield code="r">阿部昭吾著</marc:subfield>
          </marc:datafield>
          <marc:datafield tag="650" ind1=" " ind2="7">
            <marc:subfield code="6">880-06</marc:subfield>
            <marc:subfield code="a">竹下, 守夫(1932-)</marc:subfield>
            <marc:subfield code="2">BSH</marc:subfield>
          </marc:datafield>
          <marc:datafield tag="650" ind1=" " ind2="7">
            <marc:subfield code="6">880-07</marc:subfield>
            <marc:subfield code="a">民事訴訟法</marc:subfield>
            <marc:subfield code="2">BSH</marc:subfield>
          </marc:datafield>
          <marc:datafield tag="650" ind1=" " ind2="7">
            <marc:subfield code="6">880-08</marc:subfield>
            <marc:subfield code="a">強制執行</marc:subfield>
            <marc:subfield code="2">NDLSH</marc:subfield>
          </marc:datafield>
          <marc:datafield tag="650" ind1=" " ind2="7">
            <marc:subfield code="6">880-09</marc:subfield>
            <marc:subfield code="a">民事保全法</marc:subfield>
            <marc:subfield code="2">BSH</marc:subfield>
          </marc:datafield>
          <marc:datafield tag="650" ind1=" " ind2="7">
            <marc:subfield code="6">880-10</marc:subfield>
            <marc:subfield code="a">破産法</marc:subfield>
            <marc:subfield code="2">NDLSH</marc:subfield>
          </marc:datafield>
          <marc:datafield tag="740" ind1="0" ind2=" ">
            <marc:subfield code="a">権利実現過程の基本構造</marc:subfield>
          </marc:datafield>
          <marc:datafield tag="852" ind1=" " ind2=" ">
            <marc:subfield code="a">九大(FA003454)</marc:subfield>
            <marc:subfield code="k">327.3/I 89</marc:subfield>
            <marc:subfield code="m">NDC</marc:subfield>
            <marc:subfield code="b">Central</marc:subfield>
            <marc:subfield code="x">Library</marc:subfield>
            <marc:subfield code="j">中図 開架閲覧室</marc:subfield>
            <marc:subfield code="g">CENTRAL LIBRARY Reading Room</marc:subfield>
            <marc:subfield code="p">003112003046267</marc:subfield>
            <marc:subfield code="f">4641132992</marc:subfield>
            <marc:subfield code="6">2009-02-09</marc:subfield>
            <marc:subfield code="i">OA111000</marc:subfield>
          </marc:datafield>
          <marc:datafield tag="852" ind1=" " ind2=" ">
            <marc:subfield code="a">九大(FA003454)</marc:subfield>
            <marc:subfield code="k">Aj 02/T/28</marc:subfield>
            <marc:subfield code="m">OTHER</marc:subfield>
            <marc:subfield code="b">Humanities and Social Sciences</marc:subfield>
            <marc:subfield code="x">Research room</marc:subfield>
            <marc:subfield code="j">法 研究室</marc:subfield>
            <marc:subfield code="g">LAW, Research Room</marc:subfield>
            <marc:subfield code="p">015112002047542</marc:subfield>
            <marc:subfield code="f">4641132992</marc:subfield>
            <marc:subfield code="6">2009-11-04</marc:subfield>
            <marc:subfield code="i">CA031023</marc:subfield>
          </marc:datafield>
          <marc:datafield tag="852" ind1=" " ind2=" ">
            <marc:subfield code="a">九大(FA003454)</marc:subfield>
            <marc:subfield code="k">Aj 02/T/13</marc:subfield>
            <marc:subfield code="m">OTHER</marc:subfield>
            <marc:subfield code="b">Humanities and Social Sciences</marc:subfield>
            <marc:subfield code="c">法科院12%</marc:subfield>
            <marc:subfield code="x">Library</marc:subfield>
            <marc:subfield code="j">法科院(Law School)</marc:subfield>
            <marc:subfield code="g">Law School</marc:subfield>
            <marc:subfield code="p">015112005027617</marc:subfield>
            <marc:subfield code="f">4641132992</marc:subfield>
            <marc:subfield code="6">2006-04-17</marc:subfield>
            <marc:subfield code="i">CB100000</marc:subfield>
          </marc:datafield>
          <marc:datafield tag="880" ind1="1" ind2=" ">
            <marc:subfield code="6">100-01/$1</marc:subfield>
            <marc:subfield code="a">イトウ, マコト</marc:subfield>
          </marc:datafield>
          <marc:datafield tag="880" ind1="1" ind2=" ">
            <marc:subfield code="6">100-02/$1</marc:subfield>
            <marc:subfield code="a">カスガ, イチロウ</marc:subfield>
          </marc:datafield>
          <marc:datafield tag="880" ind1="1" ind2=" ">
            <marc:subfield code="6">100-03/$1</marc:subfield>
            <marc:subfield code="a">ウエハラ, トシオ</marc:subfield>
          </marc:datafield>
          <marc:datafield tag="880" ind1="1" ind2=" ">
            <marc:subfield code="6">100-04/$1</marc:subfield>
            <marc:subfield code="a">ノムラ, ヒデトシ</marc:subfield>
          </marc:datafield>
          <marc:datafield tag="880" ind1="1" ind2="0">
            <marc:subfield code="6">245-05/$1</marc:subfield>
            <marc:subfield code="a">ケンリ ジツゲン カテイ ノ キホン コウゾウ : タケシタ モリオ センセイ コキ シュクガ</marc:subfield>
          </marc:datafield>
          <marc:datafield tag="880" ind1=" " ind2="7">
            <marc:subfield code="6">650-06/$1</marc:subfield>
            <marc:subfield code="a">タケシタ, モリオ(1932-)</marc:subfield>
          </marc:datafield>
          <marc:datafield tag="880" ind1=" " ind2="7">
            <marc:subfield code="6">650-07/$1</marc:subfield>
            <marc:subfield code="a">ミンジソショウホウ</marc:subfield>
          </marc:datafield>
          <marc:datafield tag="880" ind1=" " ind2="7">
            <marc:subfield code="6">650-08/$1</marc:subfield>
            <marc:subfield code="a">キョウセイシッコウ</marc:subfield>
          </marc:datafield>
          <marc:datafield tag="880" ind1=" " ind2="7">
            <marc:subfield code="6">650-09/$1</marc:subfield>
            <marc:subfield code="a">ミンジホゼンホウ</marc:subfield>
          </marc:datafield>
          <marc:datafield tag="880" ind1=" " ind2="7">
            <marc:subfield code="6">650-10/$1</marc:subfield>
            <marc:subfield code="a">ハサンホウ</marc:subfield>
          </marc:datafield>
        </marc:record>
      </metadata>
    </record>