
    <record>
      <header>
        <identifier>oai:carli.illinois.edu:CARLIVoyager2/838</identifier>
        <datestamp>2011-10-21T18:55:54Z</datestamp>
        <setSpec>bib</setSpec>
      </header>
      <metadata>
        <marc:record xmlns:marc="http://www.loc.gov/MARC21/slim" xmlns:xsi="http://www.w3.org/2001/XMLSchema-instance" xsi:schemaLocation="http://www.loc.gov/MARC21/slim http://xc.ilcso.uiuc.edu:8080/OAIToolkit2/schema/MARC21slim_custom.xsd">
          <marc:leader>02012nam a2200313zi 4500</marc:leader>
          <marc:controlfield tag="001">BA58167832</marc:controlfield>
          <marc:controlfield tag="003">NII</marc:controlfield>
          <marc:controlfield tag="005">20110909134425.0</marc:controlfield>
          <marc:controlfield tag="007">ta </marc:controlfield>
          <marc:controlfield tag="008">090915s2002    ja ||||||b||||||||||jpn|d</marc:controlfield>
          <marc:datafield tag="016" ind1="7" ind2=" ">
            <marc:subfield code="a">BA58167832</marc:subfield>
            <marc:subfield code="2">JP-ToKJK</marc:subfield>
          </marc:datafield>
          <marc:datafield tag="040" ind1=" " ind2=" ">
            <marc:subfield code="a">NII</marc:subfield>
          </marc:datafield>
          <marc:datafield tag="041" ind1="0" ind2=" ">
            <marc:subfield code="a">jpn</marc:subfield>
            <marc:subfield code="a">eng</marc:subfield>
          </marc:datafield>
          <marc:datafield tag="044" ind1=" " ind2=" ">
            <marc:subfield code="a">ja</marc:subfield>
            <marc:subfield code="5">NII</marc:subfield>
          </marc:datafield>
          <marc:datafield tag="100" ind1="1" ind2=" ">
            <marc:subfield code="6">880-01</marc:subfield>
            <marc:subfield code="a">村江, 達士(1943-)</marc:subfield>
            <marc:subfield code="0">(NII)DA12787777</marc:subfield>
          </marc:datafield>
          <marc:datafield tag="245" ind1="1" ind2="0">
            <marc:subfield code="a">初期地球環境における細胞膜の形成と初期代謝の確立に関する研究</marc:subfield>
            <marc:subfield code="c">研究代表者 村上 達士</marc:subfield>
            <marc:subfield code="6">880-02</marc:subfield>
          </marc:datafield>
          <marc:datafield tag="246" ind1="3" ind2="3">
            <marc:subfield code="6">880-03</marc:subfield>
            <marc:subfield code="a">平成10年度〜平成13年度科学研究費補助金(基盤研究(A)(2))研究成果報告書(課題番号10304045)</marc:subfield>
          </marc:datafield>
          <marc:datafield tag="260" ind1=" " ind2=" ">
            <marc:subfield code="a">[福岡]</marc:subfield>
            <marc:subfield code="b">[九州大学]</marc:subfield>
            <marc:subfield code="c">2002.3</marc:subfield>
          </marc:datafield>
          <marc:datafield tag="300" ind1=" " ind2=" ">
            <marc:subfield code="a">198p</marc:subfield>
            <marc:subfield code="c">30cm</marc:subfield>
          </marc:datafield>
          <marc:datafield tag="490" ind1="0" ind2=" ">
            <marc:subfield code="6">880-04</marc:subfield>
            <marc:subfield code="a">科学研究費補助金(基盤研究(A)(2))研究成果報告書</marc:subfield>
            <marc:subfield code="3">BA30195718</marc:subfield>
            <marc:subfield code="v">平成10年度〜平成13年度</marc:subfield>
          </marc:datafield>
          <marc:datafield tag="500" ind1=" " ind2=" ">
            <marc:subfield code="a">研究分担者: 山内敬明, 北島富美雄</marc:subfield>
          </marc:datafield>
          <marc:datafield tag="740" ind1="0" ind2=" ">
            <marc:subfield code="a">初期地球環境における細胞膜の形成と初期代謝の確立に関する研究</marc:subfield>
          </marc:datafield>
          <marc:datafield tag="830" ind1=" " ind2=" ">
            <marc:subfield code="w">BA30195718</marc:subfield>
          </marc:datafield>
          <marc:datafield tag="852" ind1=" " ind2=" ">
            <marc:subfield code="a">九大(FA003454)</marc:subfield>
            <marc:subfield code="k">科研報告/九州大学/10304045</marc:subfield>
            <marc:subfield code="m">NDC</marc:subfield>
            <marc:subfield code="b">Central</marc:subfield>
            <marc:subfield code="x">Library</marc:subfield>
            <marc:subfield code="j">中図 科研費報告書</marc:subfield>
            <marc:subfield code="g">CENTRAL LIBRARY</marc:subfield>
            <marc:subfield code="p">003122002007176</marc:subfield>
            <marc:subfield code="6">2002-08-19</marc:subfield>
            <marc:subfield code="i">OA116000</marc:subfield>
          </marc:datafield>
          <marc:datafield tag="880" ind1="1" ind2=" ">
            <marc:subfield code="6">100-01/$1</marc:subfield>
            <marc:subfield code="a">ムラエ, タツシ</marc:subfield>
          </marc:datafield>
          <marc:datafield tag="880" ind1="1" ind2="0">
            <marc:subfield code="6">245-02/$1</marc:subfield>
            <marc:subfield code="a">ショキ チキュウ カンキョウ ニオケル サイボウマク ノ ケイセイ ト ショキ タイシャ ノ カクリツ ニ カンスル ケンキュウ</marc:subfield>
          </marc:datafield>
          <marc:datafield tag="880" ind1="3" ind2="3">
            <marc:subfield code="6">246-03/$1</marc:subfield>
            <marc:subfield code="a">ヘイセイ 10ネンド ヘイセイ 13ネンド カガク ケンキュウヒ ホジョキン キバン ケンキュウ A 2 ケンキュウ セイカ ホウコクショ カダイ バンゴウ 10304045</marc:subfield>
          </marc:datafield>
          <marc:datafield tag="880" ind1="0" ind2=" ">
            <marc:subfield code="6">490-04/$1</marc:subfield>
            <marc:subfield code="a">カガク ケンキュウヒ ホジョキン キバン ケンキュウ A 2 ケンキュウ セイカ ホウコクショ</marc:subfield>
          </marc:datafield>
        </marc:record>
      </metadata>
    </record>