
    <record>
      <header>
        <identifier>oai:carli.illinois.edu:CARLIVoyager2/840</identifier>
        <datestamp>2011-10-21T18:55:54Z</datestamp>
        <setSpec>bib</setSpec>
      </header>
      <metadata>
        <marc:record xmlns:marc="http://www.loc.gov/MARC21/slim" xmlns:xsi="http://www.w3.org/2001/XMLSchema-instance" xsi:schemaLocation="http://www.loc.gov/MARC21/slim http://xc.ilcso.uiuc.edu:8080/OAIToolkit2/schema/MARC21slim_custom.xsd">
          <marc:leader>02751nam a2200589zi 4500</marc:leader>
          <marc:controlfield tag="001">BA58374688</marc:controlfield>
          <marc:controlfield tag="003">NII</marc:controlfield>
          <marc:controlfield tag="005">20110909134426.0</marc:controlfield>
          <marc:controlfield tag="007">ta </marc:controlfield>
          <marc:controlfield tag="008">090915s2002    ja ||||||b||||||||||jpn|d</marc:controlfield>
          <marc:datafield tag="016" ind1="7" ind2=" ">
            <marc:subfield code="a">BA58374688</marc:subfield>
            <marc:subfield code="2">JP-ToKJK</marc:subfield>
          </marc:datafield>
          <marc:datafield tag="020" ind1=" " ind2=" ">
            <marc:subfield code="a">4766409345</marc:subfield>
            <marc:subfield code="c">3200円</marc:subfield>
          </marc:datafield>
          <marc:datafield tag="040" ind1=" " ind2=" ">
            <marc:subfield code="a">NII</marc:subfield>
          </marc:datafield>
          <marc:datafield tag="041" ind1="0" ind2=" ">
            <marc:subfield code="a">jpn</marc:subfield>
          </marc:datafield>
          <marc:datafield tag="044" ind1=" " ind2=" ">
            <marc:subfield code="a">ja</marc:subfield>
            <marc:subfield code="5">NII</marc:subfield>
          </marc:datafield>
          <marc:datafield tag="084" ind1=" " ind2=" ">
            <marc:subfield code="a">321.21</marc:subfield>
            <marc:subfield code="2">NDC8</marc:subfield>
          </marc:datafield>
          <marc:datafield tag="084" ind1=" " ind2=" ">
            <marc:subfield code="a">321.21</marc:subfield>
            <marc:subfield code="2">NDC9</marc:subfield>
          </marc:datafield>
          <marc:datafield tag="100" ind1="1" ind2=" ">
            <marc:subfield code="6">880-01</marc:subfield>
            <marc:subfield code="a">安西, 敏三(1948-)</marc:subfield>
            <marc:subfield code="0">(NII)DA09015233</marc:subfield>
          </marc:datafield>
          <marc:datafield tag="100" ind1="1" ind2=" ">
            <marc:subfield code="6">880-02</marc:subfield>
            <marc:subfield code="a">岩谷, 十郎(1961-)</marc:subfield>
            <marc:subfield code="0">(NII)DA10750845</marc:subfield>
          </marc:datafield>
          <marc:datafield tag="100" ind1="1" ind2=" ">
            <marc:subfield code="6">880-03</marc:subfield>
            <marc:subfield code="a">森, 征一(1943-)</marc:subfield>
            <marc:subfield code="0">(NII)DA01243336</marc:subfield>
          </marc:datafield>
          <marc:datafield tag="100" ind1="1" ind2=" ">
            <marc:subfield code="6">880-04</marc:subfield>
            <marc:subfield code="a">伊藤, 彌彦(1941-)</marc:subfield>
            <marc:subfield code="0">(NII)DA00874910</marc:subfield>
          </marc:datafield>
          <marc:datafield tag="100" ind1="1" ind2=" ">
            <marc:subfield code="6">880-05</marc:subfield>
            <marc:subfield code="a">石川, 一三夫(1944-)</marc:subfield>
            <marc:subfield code="0">(NII)DA02173291</marc:subfield>
          </marc:datafield>
          <marc:datafield tag="100" ind1="1" ind2=" ">
            <marc:subfield code="6">880-06</marc:subfield>
            <marc:subfield code="a">村上, 一博(1956-)</marc:subfield>
            <marc:subfield code="0">(NII)DA08579528</marc:subfield>
          </marc:datafield>
          <marc:datafield tag="100" ind1="1" ind2=" ">
            <marc:subfield code="6">880-07</marc:subfield>
            <marc:subfield code="a">寺崎, 修(1945-)</marc:subfield>
            <marc:subfield code="0">(NII)DA01133961</marc:subfield>
          </marc:datafield>
          <marc:datafield tag="100" ind1="1" ind2=" ">
            <marc:subfield code="6">880-08</marc:subfield>
            <marc:subfield code="a">小沢, 隆司(1963-)</marc:subfield>
            <marc:subfield code="0">(NII)DA13636223</marc:subfield>
          </marc:datafield>
          <marc:datafield tag="100" ind1="1" ind2=" ">
            <marc:subfield code="6">880-09</marc:subfield>
            <marc:subfield code="a">北居, 功(1961-)</marc:subfield>
            <marc:subfield code="0">(NII)DA13636234</marc:subfield>
          </marc:datafield>
          <marc:datafield tag="245" ind1="1" ind2="0">
            <marc:subfield code="a">福澤諭吉の法思想</marc:subfield>
            <marc:subfield code="b">視座・実践・影響</marc:subfield>
            <marc:subfield code="c">安西敏三, 岩谷十郎, 森征一編著</marc:subfield>
            <marc:subfield code="6">880-10</marc:subfield>
          </marc:datafield>
          <marc:datafield tag="246" ind1="3" ind2="3">
            <marc:subfield code="6">880-11</marc:subfield>
            <marc:subfield code="a">福沢諭吉の法思想</marc:subfield>
          </marc:datafield>
          <marc:datafield tag="260" ind1=" " ind2=" ">
            <marc:subfield code="a">東京</marc:subfield>
            <marc:subfield code="b">慶應義塾大学出版会</marc:subfield>
            <marc:subfield code="c">2002.8</marc:subfield>
          </marc:datafield>
          <marc:datafield tag="300" ind1=" " ind2=" ">
            <marc:subfield code="a">349, 13p, 図版 [4] p</marc:subfield>
            <marc:subfield code="c">20cm</marc:subfield>
          </marc:datafield>
          <marc:datafield tag="500" ind1=" " ind2=" ">
            <marc:subfield code="a">福沢諭吉著作一覧: p341-349</marc:subfield>
          </marc:datafield>
          <marc:datafield tag="500" ind1=" " ind2=" ">
            <marc:subfield code="a">参考文献: 各章末</marc:subfield>
          </marc:datafield>
          <marc:datafield tag="500" ind1=" " ind2=" ">
            <marc:subfield code="a">その他の著者: 伊藤彌彦, 石川一三夫, 村上一博, 寺崎修, 小沢隆司, 北居功</marc:subfield>
          </marc:datafield>
          <marc:datafield tag="650" ind1=" " ind2="7">
            <marc:subfield code="6">880-12</marc:subfield>
            <marc:subfield code="a">福沢, 諭吉(1834-1901)</marc:subfield>
            <marc:subfield code="2">NDLSH</marc:subfield>
          </marc:datafield>
          <marc:datafield tag="650" ind1=" " ind2="7">
            <marc:subfield code="6">880-13</marc:subfield>
            <marc:subfield code="a">法律学</marc:subfield>
            <marc:subfield code="2">NDLSH</marc:subfield>
          </marc:datafield>
          <marc:datafield tag="740" ind1="0" ind2=" ">
            <marc:subfield code="a">福澤諭吉の法思想</marc:subfield>
          </marc:datafield>
          <marc:datafield tag="852" ind1=" " ind2=" ">
            <marc:subfield code="a">九大(FA003454)</marc:subfield>
            <marc:subfield code="k">Bj 20/A/9</marc:subfield>
            <marc:subfield code="m">OTHER</marc:subfield>
            <marc:subfield code="b">Humanities and Social Sciences</marc:subfield>
            <marc:subfield code="x">Library</marc:subfield>
            <marc:subfield code="j">法</marc:subfield>
            <marc:subfield code="g">LAW Library</marc:subfield>
            <marc:subfield code="p">015112002047147</marc:subfield>
            <marc:subfield code="f">4766409345</marc:subfield>
            <marc:subfield code="6">2002-10-15</marc:subfield>
            <marc:subfield code="i">CA000000</marc:subfield>
          </marc:datafield>
          <marc:datafield tag="852" ind1=" " ind2=" ">
            <marc:subfield code="a">九大理系(FA02289X)</marc:subfield>
            <marc:subfield code="k">321.21/A 49</marc:subfield>
            <marc:subfield code="m">NDC</marc:subfield>
            <marc:subfield code="b">Ito</marc:subfield>
            <marc:subfield code="x">Research room</marc:subfield>
            <marc:subfield code="j">比文 社会変動204</marc:subfield>
            <marc:subfield code="g">Social and Cultural Studies</marc:subfield>
            <marc:subfield code="p">050112002021172</marc:subfield>
            <marc:subfield code="f">4766409345</marc:subfield>
            <marc:subfield code="6">2003-02-19</marc:subfield>
            <marc:subfield code="i">MA111204</marc:subfield>
          </marc:datafield>
          <marc:datafield tag="880" ind1="1" ind2=" ">
            <marc:subfield code="6">100-01/$1</marc:subfield>
            <marc:subfield code="a">アンザイ, トシミツ</marc:subfield>
          </marc:datafield>
          <marc:datafield tag="880" ind1="1" ind2=" ">
            <marc:subfield code="6">100-02/$1</marc:subfield>
            <marc:subfield code="a">イワタニ, ジュウロウ</marc:subfield>
          </marc:datafield>
          <marc:datafield tag="880" ind1="1" ind2=" ">
            <marc:subfield code="6">100-03/$1</marc:subfield>
            <marc:subfield code="a">モリ, セイイチ</marc:subfield>
          </marc:datafield>
          <marc:datafield tag="880" ind1="1" ind2=" ">
            <marc:subfield code="6">100-04/$1</marc:subfield>
            <marc:subfield code="a">イトウ, ヤヒコ</marc:subfield>
          </marc:datafield>
          <marc:datafield tag="880" ind1="1" ind2=" ">
            <marc:subfield code="6">100-05/$1</marc:subfield>
            <marc:subfield code="a">イシカワ, ヒサオ</marc:subfield>
          </marc:datafield>
          <marc:datafield tag="880" ind1="1" ind2=" ">
            <marc:subfield code="6">100-06/$1</marc:subfield>
            <marc:subfield code="a">ムラカミ, カズヒロ</marc:subfield>
          </marc:datafield>
          <marc:datafield tag="880" ind1="1" ind2=" ">
            <marc:subfield code="6">100-07/$1</marc:subfield>
            <marc:subfield code="a">テラサキ, オサム</marc:subfield>
          </marc:datafield>
          <marc:datafield tag="880" ind1="1" ind2=" ">
            <marc:subfield code="6">100-08/$1</marc:subfield>
            <marc:subfield code="a">オザワ, タカシ</marc:subfield>
          </marc:datafield>
          <marc:datafield tag="880" ind1="1" ind2=" ">
            <marc:subfield code="6">100-09/$1</marc:subfield>
            <marc:subfield code="a">キタイ, イサオ</marc:subfield>
          </marc:datafield>
          <marc:datafield tag="880" ind1="1" ind2="0">
            <marc:subfield code="6">245-10/$1</marc:subfield>
            <marc:subfield code="a">フクザワ ユキチ ノ ホウ シソウ : シザ ・ ジッセン ・ エイキョウ</marc:subfield>
          </marc:datafield>
          <marc:datafield tag="880" ind1="3" ind2="3">
            <marc:subfield code="6">246-11/$1</marc:subfield>
            <marc:subfield code="a">フクザワ ユキチ ノ ホウシソウ</marc:subfield>
          </marc:datafield>
          <marc:datafield tag="880" ind1=" " ind2="7">
            <marc:subfield code="6">650-12/$1</marc:subfield>
            <marc:subfield code="a">フクザワ, ユキチ(1834-1901)</marc:subfield>
          </marc:datafield>
          <marc:datafield tag="880" ind1=" " ind2="7">
            <marc:subfield code="6">650-13/$1</marc:subfield>
            <marc:subfield code="a">ホウリツガク</marc:subfield>
          </marc:datafield>
        </marc:record>
      </metadata>
    </record>