
    <record>
      <header>
        <identifier>oai:carli.illinois.edu:CARLIVoyager2/845</identifier>
        <datestamp>2011-10-21T18:55:54Z</datestamp>
        <setSpec>bib</setSpec>
      </header>
      <metadata>
        <marc:record xmlns:marc="http://www.loc.gov/MARC21/slim" xmlns:xsi="http://www.w3.org/2001/XMLSchema-instance" xsi:schemaLocation="http://www.loc.gov/MARC21/slim http://xc.ilcso.uiuc.edu:8080/OAIToolkit2/schema/MARC21slim_custom.xsd">
          <marc:leader>05209nam a2200709zi 4500</marc:leader>
          <marc:controlfield tag="001">BA58726934</marc:controlfield>
          <marc:controlfield tag="003">NII</marc:controlfield>
          <marc:controlfield tag="005">20110909134427.0</marc:controlfield>
          <marc:controlfield tag="007">ta </marc:controlfield>
          <marc:controlfield tag="008">090915s2002    ja ||||||b||||||||||jpn|d</marc:controlfield>
          <marc:datafield tag="016" ind1="7" ind2=" ">
            <marc:subfield code="a">BA58726934</marc:subfield>
            <marc:subfield code="2">JP-ToKJK</marc:subfield>
          </marc:datafield>
          <marc:datafield tag="020" ind1=" " ind2=" ">
            <marc:subfield code="a">479722228X</marc:subfield>
            <marc:subfield code="c">20000円</marc:subfield>
          </marc:datafield>
          <marc:datafield tag="040" ind1=" " ind2=" ">
            <marc:subfield code="a">NII</marc:subfield>
          </marc:datafield>
          <marc:datafield tag="041" ind1="0" ind2=" ">
            <marc:subfield code="a">jpn</marc:subfield>
          </marc:datafield>
          <marc:datafield tag="044" ind1=" " ind2=" ">
            <marc:subfield code="a">ja</marc:subfield>
            <marc:subfield code="5">NII</marc:subfield>
          </marc:datafield>
          <marc:datafield tag="084" ind1=" " ind2=" ">
            <marc:subfield code="a">323.9</marc:subfield>
            <marc:subfield code="2">NDC8</marc:subfield>
          </marc:datafield>
          <marc:datafield tag="084" ind1=" " ind2=" ">
            <marc:subfield code="a">323.9</marc:subfield>
            <marc:subfield code="2">NDC9</marc:subfield>
          </marc:datafield>
          <marc:datafield tag="100" ind1="1" ind2=" ">
            <marc:subfield code="6">880-01</marc:subfield>
            <marc:subfield code="a">川上宏二郎先生古稀記念論文集刊行委員会</marc:subfield>
          </marc:datafield>
          <marc:datafield tag="245" ind1="1" ind2="0">
            <marc:subfield code="a">情報社会の公法学</marc:subfield>
            <marc:subfield code="b">川上宏二郎先生古稀記念論文集</marc:subfield>
            <marc:subfield code="c">川上宏二郎先生古稀記念論文集刊行委員会編</marc:subfield>
            <marc:subfield code="6">880-02</marc:subfield>
          </marc:datafield>
          <marc:datafield tag="260" ind1=" " ind2=" ">
            <marc:subfield code="a">東京</marc:subfield>
            <marc:subfield code="b">信山社出版</marc:subfield>
            <marc:subfield code="c">2002.8</marc:subfield>
          </marc:datafield>
          <marc:datafield tag="300" ind1=" " ind2=" ">
            <marc:subfield code="a">xiv, 738p, 図版1枚</marc:subfield>
            <marc:subfield code="c">22cm</marc:subfield>
          </marc:datafield>
          <marc:datafield tag="500" ind1=" " ind2=" ">
            <marc:subfield code="a">川上宏二郎先生略歴・業績目録: p725-738</marc:subfield>
          </marc:datafield>
          <marc:datafield tag="500" ind1=" " ind2=" ">
            <marc:subfield code="a">文献あり</marc:subfield>
          </marc:datafield>
          <marc:datafield tag="500" ind1=" " ind2=" ">
            <marc:subfield code="a">川上宏二郎の肖像あり</marc:subfield>
          </marc:datafield>
          <marc:datafield tag="505" ind1="0" ind2="0">
            <marc:subfield code="t">大統領任期制に関するフランス共和国憲法改正に寄せて : 七年任期制から五年任期制へ</marc:subfield>
            <marc:subfield code="r">大隈義和著</marc:subfield>
          </marc:datafield>
          <marc:datafield tag="505" ind1="0" ind2="0">
            <marc:subfield code="t">行政法と二つの「行政」法関係</marc:subfield>
            <marc:subfield code="r">岡田雅夫著</marc:subfield>
          </marc:datafield>
          <marc:datafield tag="505" ind1="0" ind2="0">
            <marc:subfield code="t">公務員制度の射程 : フランス公役務理論と官吏概念</marc:subfield>
            <marc:subfield code="r">下井康史著</marc:subfield>
          </marc:datafield>
          <marc:datafield tag="505" ind1="0" ind2="0">
            <marc:subfield code="t">行政法の「政策化」と行政の効率化の原則について : ドイツにおける行政法改革論議を参考にして</marc:subfield>
            <marc:subfield code="r">中川義朗著</marc:subfield>
          </marc:datafield>
          <marc:datafield tag="505" ind1="0" ind2="0">
            <marc:subfield code="t">英国の業績パートナーシップについて</marc:subfield>
            <marc:subfield code="r">平井文三著</marc:subfield>
          </marc:datafield>
          <marc:datafield tag="505" ind1="0" ind2="0">
            <marc:subfield code="t">制定時の国家行政組織法の《技芸》 : 「国家行政組織」など</marc:subfield>
            <marc:subfield code="r">森田寛二著</marc:subfield>
          </marc:datafield>
          <marc:datafield tag="505" ind1="0" ind2="0">
            <marc:subfield code="t">福祉と情報</marc:subfield>
            <marc:subfield code="r">今里佳奈子著</marc:subfield>
          </marc:datafield>
          <marc:datafield tag="505" ind1="0" ind2="0">
            <marc:subfield code="t">自治体外郭団体の情報公開 : 福岡方式にみる情報公開協定の発展可能性</marc:subfield>
            <marc:subfield code="r">大橋洋一著</marc:subfield>
          </marc:datafield>
          <marc:datafield tag="505" ind1="0" ind2="0">
            <marc:subfield code="t">フランス情報公開法の運用事例についての一考察 : 第九次報告書にみる行政文書公開委員会の二五の判断事例の検討</marc:subfield>
            <marc:subfield code="r">小原清信著</marc:subfield>
          </marc:datafield>
          <marc:datafield tag="505" ind1="0" ind2="0">
            <marc:subfield code="t">環境情報の行政法的機能について : ドイツ環境法における情報のコントロール機能</marc:subfield>
            <marc:subfield code="r">勢一智子著</marc:subfield>
          </marc:datafield>
          <marc:datafield tag="505" ind1="0" ind2="0">
            <marc:subfield code="t">情報公開の制度と運用に関する諸問題</marc:subfield>
            <marc:subfield code="r">平松毅著</marc:subfield>
          </marc:datafield>
          <marc:datafield tag="505" ind1="0" ind2="0">
            <marc:subfield code="t">「報道の自由」と法廷におけるカメラ取材 : 刑事訴訟規則第二一五条運用の憲法問題</marc:subfield>
            <marc:subfield code="r">松井修視著</marc:subfield>
          </marc:datafield>
          <marc:datafield tag="505" ind1="0" ind2="0">
            <marc:subfield code="t">国境を越えるデータ流通と個人情報保護 : 欧州連合個人データ保護指令の第三国条項を手がかりとして</marc:subfield>
            <marc:subfield code="r">村上裕章著</marc:subfield>
          </marc:datafield>
          <marc:datafield tag="505" ind1="0" ind2="0">
            <marc:subfield code="t">患者の個人情報の保護と提供 : イギリスにおける匿名化された患者情報の使用に関する議論状況</marc:subfield>
            <marc:subfield code="r">柳井圭子著</marc:subfield>
          </marc:datafield>
          <marc:datafield tag="505" ind1="0" ind2="0">
            <marc:subfield code="t">一九九八年イギリス社会保障法における審判所の構成についての一考察</marc:subfield>
            <marc:subfield code="r">伊藤治彦著</marc:subfield>
          </marc:datafield>
          <marc:datafield tag="505" ind1="0" ind2="0">
            <marc:subfield code="t">国家賠償法二条の「公の営造物の設置又は管理」について</marc:subfield>
            <marc:subfield code="r">稲葉馨著</marc:subfield>
          </marc:datafield>
          <marc:datafield tag="505" ind1="0" ind2="0">
            <marc:subfield code="t">オーストラリア裁判所の交差管轄制度について</marc:subfield>
            <marc:subfield code="r">碓井光明著</marc:subfield>
          </marc:datafield>
          <marc:datafield tag="505" ind1="0" ind2="0">
            <marc:subfield code="t">イギリスにおける新たな司法審査手続について</marc:subfield>
            <marc:subfield code="r">岡本博志著</marc:subfield>
          </marc:datafield>
          <marc:datafield tag="505" ind1="0" ind2="0">
            <marc:subfield code="t">イン・カメラ手続の憲法的定礎</marc:subfield>
            <marc:subfield code="r">笹田栄司著</marc:subfield>
          </marc:datafield>
          <marc:datafield tag="505" ind1="0" ind2="0">
            <marc:subfield code="t">行政上の秘密文書とインカメラ審理</marc:subfield>
            <marc:subfield code="r">山下義昭著</marc:subfield>
          </marc:datafield>
          <marc:datafield tag="505" ind1="0" ind2="0">
            <marc:subfield code="t">道路公害差止訴訟と公権力の行使</marc:subfield>
            <marc:subfield code="r">山田洋著</marc:subfield>
          </marc:datafield>
          <marc:datafield tag="505" ind1="0" ind2="0">
            <marc:subfield code="t">中国人医師の申請した医師国家試験本試験の受験資格を拒否した厚生大臣の処分 : 行政手続法の適用, 審査基準の司法審査</marc:subfield>
            <marc:subfield code="r">阿部泰隆著</marc:subfield>
          </marc:datafield>
          <marc:datafield tag="505" ind1="0" ind2="0">
            <marc:subfield code="t">「行政強制」と比例原則</marc:subfield>
            <marc:subfield code="r">須藤陽子著</marc:subfield>
          </marc:datafield>
          <marc:datafield tag="505" ind1="0" ind2="0">
            <marc:subfield code="t">改正土地収用法をめぐる若干の考察</marc:subfield>
            <marc:subfield code="r">藤田宙靖著</marc:subfield>
          </marc:datafield>
          <marc:datafield tag="505" ind1="0" ind2="0">
            <marc:subfield code="t">先天的遺伝因子 (nature), 後天的獲得因子 (nurture) およびヒトゲノム計画 (human genome project)</marc:subfield>
            <marc:subfield code="r">保木本一郎著</marc:subfield>
          </marc:datafield>
          <marc:datafield tag="505" ind1="0" ind2="0">
            <marc:subfield code="t">宅地開発指導要綱と開発負担協定の法的性格</marc:subfield>
            <marc:subfield code="r">三好充著</marc:subfield>
          </marc:datafield>
          <marc:datafield tag="505" ind1="0" ind2="0">
            <marc:subfield code="t">児童扶養手当法と児童扶養手当施行令 : 二〇〇二年最高裁判決の検討</marc:subfield>
            <marc:subfield code="r">横田守弘著</marc:subfield>
          </marc:datafield>
          <marc:datafield tag="650" ind1=" " ind2="7">
            <marc:subfield code="6">880-03</marc:subfield>
            <marc:subfield code="a">川上, 宏二郎(1932-)</marc:subfield>
            <marc:subfield code="2">NDLSH</marc:subfield>
          </marc:datafield>
          <marc:datafield tag="650" ind1=" " ind2="7">
            <marc:subfield code="6">880-04</marc:subfield>
            <marc:subfield code="a">行政法</marc:subfield>
            <marc:subfield code="2">NDLSH</marc:subfield>
          </marc:datafield>
          <marc:datafield tag="740" ind1="0" ind2=" ">
            <marc:subfield code="a">情報社会の公法学</marc:subfield>
          </marc:datafield>
          <marc:datafield tag="852" ind1=" " ind2=" ">
            <marc:subfield code="a">九大(FA003454)</marc:subfield>
            <marc:subfield code="k">323.9/Ka 94</marc:subfield>
            <marc:subfield code="m">NDC</marc:subfield>
            <marc:subfield code="b">Central</marc:subfield>
            <marc:subfield code="x">Library</marc:subfield>
            <marc:subfield code="j">中図 開架閲覧室</marc:subfield>
            <marc:subfield code="g">CENTRAL LIBRARY Reading Room</marc:subfield>
            <marc:subfield code="p">003112003032484</marc:subfield>
            <marc:subfield code="f">479722228X</marc:subfield>
            <marc:subfield code="6">2004-02-09</marc:subfield>
            <marc:subfield code="i">OA111000</marc:subfield>
          </marc:datafield>
          <marc:datafield tag="852" ind1=" " ind2=" ">
            <marc:subfield code="a">九大(FA003454)</marc:subfield>
            <marc:subfield code="k">323.9/Ka 94</marc:subfield>
            <marc:subfield code="m">NDC</marc:subfield>
            <marc:subfield code="b">Central</marc:subfield>
            <marc:subfield code="x">Library</marc:subfield>
            <marc:subfield code="j">中図 開架閲覧室</marc:subfield>
            <marc:subfield code="g">CENTRAL LIBRARY Reading Room</marc:subfield>
            <marc:subfield code="p">003112003046142</marc:subfield>
            <marc:subfield code="f">479722228X</marc:subfield>
            <marc:subfield code="6">2008-02-25</marc:subfield>
            <marc:subfield code="i">OA111000</marc:subfield>
          </marc:datafield>
          <marc:datafield tag="852" ind1=" " ind2=" ">
            <marc:subfield code="a">九大(FA003454)</marc:subfield>
            <marc:subfield code="k">Aj 02/K/61</marc:subfield>
            <marc:subfield code="m">OTHER</marc:subfield>
            <marc:subfield code="b">Humanities and Social Sciences</marc:subfield>
            <marc:subfield code="x">Library</marc:subfield>
            <marc:subfield code="j">法</marc:subfield>
            <marc:subfield code="g">LAW Library</marc:subfield>
            <marc:subfield code="p">015112002050295</marc:subfield>
            <marc:subfield code="f">479722228X</marc:subfield>
            <marc:subfield code="6">2004-02-09</marc:subfield>
            <marc:subfield code="i">CA000000</marc:subfield>
          </marc:datafield>
          <marc:datafield tag="880" ind1="1" ind2=" ">
            <marc:subfield code="6">100-01/$1</marc:subfield>
            <marc:subfield code="a">カワカミ コウジロウ センセイ コキ キネン ロンブンシュウ カンコウ イインカイ</marc:subfield>
          </marc:datafield>
          <marc:datafield tag="880" ind1="1" ind2="0">
            <marc:subfield code="6">245-02/$1</marc:subfield>
            <marc:subfield code="a">ジョウホウ シャカイ ノ コウホウガク : カワカミ コウジロウ センセイ コキ キネン ロンブンシュウ</marc:subfield>
          </marc:datafield>
          <marc:datafield tag="880" ind1=" " ind2="7">
            <marc:subfield code="6">650-03/$1</marc:subfield>
            <marc:subfield code="a">カワカミ, コウジロウ</marc:subfield>
          </marc:datafield>
          <marc:datafield tag="880" ind1=" " ind2="7">
            <marc:subfield code="6">650-04/$1</marc:subfield>
            <marc:subfield code="a">ギョウセイホウ</marc:subfield>
          </marc:datafield>
        </marc:record>
      </metadata>
    </record>