
    <record>
      <header>
        <identifier>oai:carli.illinois.edu:CARLIVoyager2/861</identifier>
        <datestamp>2011-10-21T18:55:54Z</datestamp>
        <setSpec>bib</setSpec>
      </header>
      <metadata>
        <marc:record xmlns:marc="http://www.loc.gov/MARC21/slim" xmlns:xsi="http://www.w3.org/2001/XMLSchema-instance" xsi:schemaLocation="http://www.loc.gov/MARC21/slim http://xc.ilcso.uiuc.edu:8080/OAIToolkit2/schema/MARC21slim_custom.xsd">
          <marc:leader>01929nam a2200421zi 4500</marc:leader>
          <marc:controlfield tag="001">BA59548649</marc:controlfield>
          <marc:controlfield tag="003">NII</marc:controlfield>
          <marc:controlfield tag="005">20110909134431.0</marc:controlfield>
          <marc:controlfield tag="007">ta </marc:controlfield>
          <marc:controlfield tag="008">090915s1808    ja ||||||b||||||||||jpn|d</marc:controlfield>
          <marc:datafield tag="016" ind1="7" ind2=" ">
            <marc:subfield code="a">BA59548649</marc:subfield>
            <marc:subfield code="2">JP-ToKJK</marc:subfield>
          </marc:datafield>
          <marc:datafield tag="020" ind1=" " ind2=" ">
            <marc:subfield code="a">(巻之上)</marc:subfield>
          </marc:datafield>
          <marc:datafield tag="020" ind1=" " ind2=" ">
            <marc:subfield code="a">(巻之下)</marc:subfield>
          </marc:datafield>
          <marc:datafield tag="020" ind1=" " ind2=" ">
            <marc:subfield code="a">(附録)</marc:subfield>
          </marc:datafield>
          <marc:datafield tag="040" ind1=" " ind2=" ">
            <marc:subfield code="a">NII</marc:subfield>
          </marc:datafield>
          <marc:datafield tag="041" ind1="0" ind2=" ">
            <marc:subfield code="a">jpn</marc:subfield>
          </marc:datafield>
          <marc:datafield tag="044" ind1=" " ind2=" ">
            <marc:subfield code="a">ja</marc:subfield>
            <marc:subfield code="5">NII</marc:subfield>
          </marc:datafield>
          <marc:datafield tag="100" ind1="1" ind2=" ">
            <marc:subfield code="a">陳司成</marc:subfield>
          </marc:datafield>
          <marc:datafield tag="100" ind1="1" ind2=" ">
            <marc:subfield code="6">880-01</marc:subfield>
            <marc:subfield code="a">和気, 惟亨</marc:subfield>
          </marc:datafield>
          <marc:datafield tag="100" ind1="1" ind2=" ">
            <marc:subfield code="a">村上図基</marc:subfield>
          </marc:datafield>
          <marc:datafield tag="245" ind1="1" ind2="0">
            <marc:subfield code="a">黴瘡秘録 2巻附1巻</marc:subfield>
            <marc:subfield code="c">陳司成著 ; 和気惟亨枇評 ; 村上図基傍訓</marc:subfield>
          </marc:datafield>
          <marc:datafield tag="246" ind1="3" ind2="3">
            <marc:subfield code="6">880-02</marc:subfield>
            <marc:subfield code="a">黴瘡秘録標記</marc:subfield>
          </marc:datafield>
          <marc:datafield tag="246" ind1="3" ind2="3">
            <marc:subfield code="a">黴瘡秘録別記</marc:subfield>
          </marc:datafield>
          <marc:datafield tag="260" ind1=" " ind2=" ">
            <marc:subfield code="a">皇都 [京都]</marc:subfield>
            <marc:subfield code="b">西村吉兵衛</marc:subfield>
            <marc:subfield code="c">文化5 [1808]</marc:subfield>
          </marc:datafield>
          <marc:datafield tag="300" ind1=" " ind2=" ">
            <marc:subfield code="a">3冊</marc:subfield>
            <marc:subfield code="c">26cm</marc:subfield>
          </marc:datafield>
          <marc:datafield tag="500" ind1=" " ind2=" ">
            <marc:subfield code="a">和漢古書につき記述対象資料毎に書誌作成</marc:subfield>
          </marc:datafield>
          <marc:datafield tag="500" ind1=" " ind2=" ">
            <marc:subfield code="a">和装本, 帙入り</marc:subfield>
          </marc:datafield>
          <marc:datafield tag="500" ind1=" " ind2=" ">
            <marc:subfield code="a">***記述は遡及データによる</marc:subfield>
          </marc:datafield>
          <marc:datafield tag="500" ind1=" " ind2=" ">
            <marc:subfield code="a">附録: 村上図基著「黴瘡秘録別記」</marc:subfield>
          </marc:datafield>
          <marc:datafield tag="500" ind1=" " ind2=" ">
            <marc:subfield code="a">国書総目録書名: 黴瘡秘録標記</marc:subfield>
          </marc:datafield>
          <marc:datafield tag="500" ind1=" " ind2=" ">
            <marc:subfield code="a">外題: 黴瘡秘録標記</marc:subfield>
          </marc:datafield>
          <marc:datafield tag="740" ind1="0" ind2=" ">
            <marc:subfield code="a">黴瘡秘録 2巻附1巻</marc:subfield>
          </marc:datafield>
          <marc:datafield tag="852" ind1=" " ind2=" ">
            <marc:subfield code="a">九大医(FA003465)</marc:subfield>
            <marc:subfield code="k">和漢古医書/ハ-8</marc:subfield>
            <marc:subfield code="m">OTHER</marc:subfield>
            <marc:subfield code="b">Medical</marc:subfield>
            <marc:subfield code="c">***遡及ICOMB2002</marc:subfield>
            <marc:subfield code="x">Library</marc:subfield>
            <marc:subfield code="j">医学図書館  貴古</marc:subfield>
            <marc:subfield code="g">MEDICAL LIBRARY, Rare Book Room, Old Medical Books</marc:subfield>
            <marc:subfield code="p">042112001791593</marc:subfield>
            <marc:subfield code="8">巻之上</marc:subfield>
            <marc:subfield code="6">2002-12-24</marc:subfield>
            <marc:subfield code="i">OR991100</marc:subfield>
          </marc:datafield>
          <marc:datafield tag="852" ind1=" " ind2=" ">
            <marc:subfield code="a">九大医(FA003465)</marc:subfield>
            <marc:subfield code="k">和漢古医書/ハ-8</marc:subfield>
            <marc:subfield code="m">OTHER</marc:subfield>
            <marc:subfield code="b">Medical</marc:subfield>
            <marc:subfield code="c">***遡及ICOMB2002</marc:subfield>
            <marc:subfield code="x">Library</marc:subfield>
            <marc:subfield code="j">医学図書館  貴古</marc:subfield>
            <marc:subfield code="g">MEDICAL LIBRARY, Rare Book Room, Old Medical Books</marc:subfield>
            <marc:subfield code="p">042112001791604</marc:subfield>
            <marc:subfield code="8">巻之下</marc:subfield>
            <marc:subfield code="6">2002-12-24</marc:subfield>
            <marc:subfield code="i">OR991100</marc:subfield>
          </marc:datafield>
          <marc:datafield tag="852" ind1=" " ind2=" ">
            <marc:subfield code="a">九大医(FA003465)</marc:subfield>
            <marc:subfield code="k">和漢古医書/ハ-8</marc:subfield>
            <marc:subfield code="m">OTHER</marc:subfield>
            <marc:subfield code="b">Medical</marc:subfield>
            <marc:subfield code="c">***遡及ICOMB2002</marc:subfield>
            <marc:subfield code="x">Library</marc:subfield>
            <marc:subfield code="j">医学図書館  貴古</marc:subfield>
            <marc:subfield code="g">MEDICAL LIBRARY, Rare Book Room, Old Medical Books</marc:subfield>
            <marc:subfield code="p">042112001791616</marc:subfield>
            <marc:subfield code="8">附録</marc:subfield>
            <marc:subfield code="6">2002-12-24</marc:subfield>
            <marc:subfield code="i">OR991100</marc:subfield>
          </marc:datafield>
          <marc:datafield tag="880" ind1="1" ind2=" ">
            <marc:subfield code="6">100-01/$1</marc:subfield>
            <marc:subfield code="a">ワケ, コレユキ</marc:subfield>
          </marc:datafield>
          <marc:datafield tag="880" ind1="3" ind2="3">
            <marc:subfield code="6">246-02/$1</marc:subfield>
            <marc:subfield code="a">バイソウ ヒロク ヒョウキ</marc:subfield>
          </marc:datafield>
        </marc:record>
      </metadata>
    </record>