
    <record>
      <header>
        <identifier>oai:carli.illinois.edu:CARLIVoyager2/876</identifier>
        <datestamp>2011-10-21T18:55:54Z</datestamp>
        <setSpec>bib</setSpec>
      </header>
      <metadata>
        <marc:record xmlns:marc="http://www.loc.gov/MARC21/slim" xmlns:xsi="http://www.w3.org/2001/XMLSchema-instance" xsi:schemaLocation="http://www.loc.gov/MARC21/slim http://xc.ilcso.uiuc.edu:8080/OAIToolkit2/schema/MARC21slim_custom.xsd">
          <marc:leader>02533nam a2200493zi 4500</marc:leader>
          <marc:controlfield tag="001">BA60492905</marc:controlfield>
          <marc:controlfield tag="003">NII</marc:controlfield>
          <marc:controlfield tag="005">20110909134435.0</marc:controlfield>
          <marc:controlfield tag="007">ta </marc:controlfield>
          <marc:controlfield tag="008">090917s2002    ja ||||||b||||||||||jpn|d</marc:controlfield>
          <marc:datafield tag="016" ind1="7" ind2=" ">
            <marc:subfield code="a">BA60492905</marc:subfield>
            <marc:subfield code="2">JP-ToKJK</marc:subfield>
          </marc:datafield>
          <marc:datafield tag="020" ind1=" " ind2=" ">
            <marc:subfield code="c">2000円</marc:subfield>
          </marc:datafield>
          <marc:datafield tag="022" ind1=" " ind2=" ">
            <marc:subfield code="a">04542215</marc:subfield>
          </marc:datafield>
          <marc:datafield tag="040" ind1=" " ind2=" ">
            <marc:subfield code="a">NII</marc:subfield>
          </marc:datafield>
          <marc:datafield tag="041" ind1="0" ind2=" ">
            <marc:subfield code="a">jpn</marc:subfield>
            <marc:subfield code="a">eng</marc:subfield>
          </marc:datafield>
          <marc:datafield tag="044" ind1=" " ind2=" ">
            <marc:subfield code="a">ja</marc:subfield>
            <marc:subfield code="5">NII</marc:subfield>
          </marc:datafield>
          <marc:datafield tag="084" ind1=" " ind2=" ">
            <marc:subfield code="a">312.55</marc:subfield>
            <marc:subfield code="2">NDC9</marc:subfield>
          </marc:datafield>
          <marc:datafield tag="100" ind1="1" ind2=" ">
            <marc:subfield code="6">880-01</marc:subfield>
            <marc:subfield code="a">日本国際政治学会</marc:subfield>
            <marc:subfield code="0">(NII)DA01131467</marc:subfield>
          </marc:datafield>
          <marc:datafield tag="245" ind1="1" ind2="0">
            <marc:subfield code="a">「民主化」以後のラテンアメリカ政治</marc:subfield>
            <marc:subfield code="c">日本国際政治学会編</marc:subfield>
            <marc:subfield code="6">880-02</marc:subfield>
          </marc:datafield>
          <marc:datafield tag="246" ind1="3" ind2="3">
            <marc:subfield code="a">Latin American politics after "Democratization"</marc:subfield>
          </marc:datafield>
          <marc:datafield tag="260" ind1=" " ind2=" ">
            <marc:subfield code="a">国立</marc:subfield>
            <marc:subfield code="b">日本国際政治学会</marc:subfield>
            <marc:subfield code="a">東京</marc:subfield>
            <marc:subfield code="b">有斐閣 (発売)</marc:subfield>
            <marc:subfield code="c">2002.11</marc:subfield>
          </marc:datafield>
          <marc:datafield tag="300" ind1=" " ind2=" ">
            <marc:subfield code="a">165, 15p</marc:subfield>
            <marc:subfield code="c">21cm</marc:subfield>
          </marc:datafield>
          <marc:datafield tag="490" ind1="0" ind2=" ">
            <marc:subfield code="6">880-03</marc:subfield>
            <marc:subfield code="a">国際政治</marc:subfield>
            <marc:subfield code="3">BN01033124</marc:subfield>
            <marc:subfield code="v">131号</marc:subfield>
          </marc:datafield>
          <marc:datafield tag="500" ind1=" " ind2=" ">
            <marc:subfield code="a">巻末: 英文目次及び英文要約</marc:subfield>
          </marc:datafield>
          <marc:datafield tag="500" ind1=" " ind2=" ">
            <marc:subfield code="a">書評: p148-159</marc:subfield>
          </marc:datafield>
          <marc:datafield tag="505" ind1="0" ind2="0">
            <marc:subfield code="t">序論 「民主化」以後のラテンアメリカ政治</marc:subfield>
            <marc:subfield code="r">大串和雄著</marc:subfield>
          </marc:datafield>
          <marc:datafield tag="505" ind1="0" ind2="0">
            <marc:subfield code="t">メキシコPRI体制の「静かな移行」と政治社会の再編</marc:subfield>
            <marc:subfield code="r">岸川毅著</marc:subfield>
          </marc:datafield>
          <marc:datafield tag="505" ind1="0" ind2="0">
            <marc:subfield code="t">プラン・コロンビアとコロンビアの民主主義</marc:subfield>
            <marc:subfield code="r">二村久則著</marc:subfield>
          </marc:datafield>
          <marc:datafield tag="505" ind1="0" ind2="0">
            <marc:subfield code="t">ウルグアイにおける軍部人権侵害をめぐる政治力学</marc:subfield>
            <marc:subfield code="r">内田みどり著</marc:subfield>
          </marc:datafield>
          <marc:datafield tag="505" ind1="0" ind2="0">
            <marc:subfield code="t">ラテンアメリカ、特にアルゼンチンにおける「ネオポピュリズム」に関する一考察</marc:subfield>
            <marc:subfield code="r">出岡直也著</marc:subfield>
          </marc:datafield>
          <marc:datafield tag="505" ind1="0" ind2="0">
            <marc:subfield code="t">ペルーの下層の人々にとって民主主義の持つ意味</marc:subfield>
            <marc:subfield code="r">村上勇介著</marc:subfield>
          </marc:datafield>
          <marc:datafield tag="505" ind1="0" ind2="0">
            <marc:subfield code="t">コロンビアにおける脱二大政党主義の動き</marc:subfield>
            <marc:subfield code="r">幡谷則子著</marc:subfield>
          </marc:datafield>
          <marc:datafield tag="505" ind1="0" ind2="0">
            <marc:subfield code="t">日本の防衛産業の特質</marc:subfield>
            <marc:subfield code="r">久保田ゆかり著</marc:subfield>
          </marc:datafield>
          <marc:datafield tag="505" ind1="0" ind2="0">
            <marc:subfield code="t">対日講話条約と韓国参加問題</marc:subfield>
            <marc:subfield code="r">金民樹著</marc:subfield>
          </marc:datafield>
          <marc:datafield tag="650" ind1=" " ind2="7">
            <marc:subfield code="6">880-04</marc:subfield>
            <marc:subfield code="a">民主政治</marc:subfield>
            <marc:subfield code="2">BSH</marc:subfield>
          </marc:datafield>
          <marc:datafield tag="740" ind1="0" ind2=" ">
            <marc:subfield code="a">「民主化」以後のラテンアメリカ政治</marc:subfield>
          </marc:datafield>
          <marc:datafield tag="830" ind1=" " ind2=" ">
            <marc:subfield code="w">BN01033124</marc:subfield>
          </marc:datafield>
          <marc:datafield tag="852" ind1=" " ind2=" ">
            <marc:subfield code="a">九大(FA003454)</marc:subfield>
            <marc:subfield code="k">Jj 55/K/9</marc:subfield>
            <marc:subfield code="m">OTHER</marc:subfield>
            <marc:subfield code="b">Humanities and Social Sciences</marc:subfield>
            <marc:subfield code="x">Library</marc:subfield>
            <marc:subfield code="j">法</marc:subfield>
            <marc:subfield code="g">LAW Library</marc:subfield>
            <marc:subfield code="p">015112003000190</marc:subfield>
            <marc:subfield code="8">131</marc:subfield>
            <marc:subfield code="6">2007-04-25</marc:subfield>
            <marc:subfield code="i">CA000000</marc:subfield>
          </marc:datafield>
          <marc:datafield tag="852" ind1=" " ind2=" ">
            <marc:subfield code="a">九大理系(FA02289X)</marc:subfield>
            <marc:subfield code="k">逐次刊行物</marc:subfield>
            <marc:subfield code="m">OTHER</marc:subfield>
            <marc:subfield code="b">Ito</marc:subfield>
            <marc:subfield code="x">Research room</marc:subfield>
            <marc:subfield code="j">比文 国際社会09</marc:subfield>
            <marc:subfield code="g">Social and Cultural Studies</marc:subfield>
            <marc:subfield code="p">058112008075956</marc:subfield>
            <marc:subfield code="6">2009-01-19</marc:subfield>
            <marc:subfield code="i">MA112309</marc:subfield>
          </marc:datafield>
          <marc:datafield tag="880" ind1="1" ind2=" ">
            <marc:subfield code="6">100-01/$1</marc:subfield>
            <marc:subfield code="a">ニホン コクサイ セイジ ガッカイ</marc:subfield>
          </marc:datafield>
          <marc:datafield tag="880" ind1="1" ind2="0">
            <marc:subfield code="6">245-02/$1</marc:subfield>
            <marc:subfield code="a">ミンシュカ イゴ ノ ラテン アメリカ セイジ</marc:subfield>
          </marc:datafield>
          <marc:datafield tag="880" ind1="0" ind2=" ">
            <marc:subfield code="6">490-03/$1</marc:subfield>
            <marc:subfield code="a">コクサイ セイジ</marc:subfield>
          </marc:datafield>
          <marc:datafield tag="880" ind1=" " ind2="7">
            <marc:subfield code="6">650-04/$1</marc:subfield>
            <marc:subfield code="a">ミンシュセイジ</marc:subfield>
          </marc:datafield>
        </marc:record>
      </metadata>
    </record>