
    <record>
      <header>
        <identifier>oai:carli.illinois.edu:CARLIVoyager2/877</identifier>
        <datestamp>2011-10-21T18:55:54Z</datestamp>
        <setSpec>bib</setSpec>
      </header>
      <metadata>
        <marc:record xmlns:marc="http://www.loc.gov/MARC21/slim" xmlns:xsi="http://www.w3.org/2001/XMLSchema-instance" xsi:schemaLocation="http://www.loc.gov/MARC21/slim http://xc.ilcso.uiuc.edu:8080/OAIToolkit2/schema/MARC21slim_custom.xsd">
          <marc:leader>01100nam a2200265zi 4500</marc:leader>
          <marc:controlfield tag="001">BA60520330</marc:controlfield>
          <marc:controlfield tag="003">NII</marc:controlfield>
          <marc:controlfield tag="005">20110909134435.0</marc:controlfield>
          <marc:controlfield tag="007">ta </marc:controlfield>
          <marc:controlfield tag="008">090918s1999    ja ||||||b||||||||||jpn|d</marc:controlfield>
          <marc:datafield tag="015" ind1=" " ind2=" ">
            <marc:subfield code="a">JP20007890</marc:subfield>
            <marc:subfield code="2">kktzm</marc:subfield>
          </marc:datafield>
          <marc:datafield tag="016" ind1="7" ind2=" ">
            <marc:subfield code="a">BA60520330</marc:subfield>
            <marc:subfield code="2">JP-ToKJK</marc:subfield>
          </marc:datafield>
          <marc:datafield tag="020" ind1=" " ind2=" ">
            <marc:subfield code="a">4883450716</marc:subfield>
            <marc:subfield code="c">1500円</marc:subfield>
          </marc:datafield>
          <marc:datafield tag="040" ind1=" " ind2=" ">
            <marc:subfield code="a">NII</marc:subfield>
          </marc:datafield>
          <marc:datafield tag="041" ind1="0" ind2=" ">
            <marc:subfield code="a">jpn</marc:subfield>
          </marc:datafield>
          <marc:datafield tag="044" ind1=" " ind2=" ">
            <marc:subfield code="a">ja</marc:subfield>
            <marc:subfield code="5">NII</marc:subfield>
          </marc:datafield>
          <marc:datafield tag="100" ind1="1" ind2=" ">
            <marc:subfield code="6">880-01</marc:subfield>
            <marc:subfield code="a">村上, 由希子</marc:subfield>
          </marc:datafield>
          <marc:datafield tag="245" ind1="1" ind2="0">
            <marc:subfield code="a">軍艦島グラフィティ</marc:subfield>
            <marc:subfield code="b">おもいでのさんぽみち</marc:subfield>
            <marc:subfield code="c">むらかみゆきこ絵と文</marc:subfield>
            <marc:subfield code="6">880-02</marc:subfield>
          </marc:datafield>
          <marc:datafield tag="260" ind1=" " ind2=" ">
            <marc:subfield code="a">福岡</marc:subfield>
            <marc:subfield code="b">不知火書房</marc:subfield>
            <marc:subfield code="c">1999.11</marc:subfield>
          </marc:datafield>
          <marc:datafield tag="300" ind1=" " ind2=" ">
            <marc:subfield code="a">1冊(おもに図版)</marc:subfield>
            <marc:subfield code="c">19×27cm</marc:subfield>
          </marc:datafield>
          <marc:datafield tag="740" ind1="0" ind2=" ">
            <marc:subfield code="a">軍艦島グラフィティ</marc:subfield>
          </marc:datafield>
          <marc:datafield tag="852" ind1=" " ind2=" ">
            <marc:subfield code="a">九大(FA003454)</marc:subfield>
            <marc:subfield code="k">560.9/Mu 43/1999</marc:subfield>
            <marc:subfield code="m">NDC</marc:subfield>
            <marc:subfield code="b">Manuscript</marc:subfield>
            <marc:subfield code="c">***遡及PA2002</marc:subfield>
            <marc:subfield code="x">Library</marc:subfield>
            <marc:subfield code="j">産業経済資料</marc:subfield>
            <marc:subfield code="g">Manuscript Library, Business and Economics Section</marc:subfield>
            <marc:subfield code="p">090112000001214</marc:subfield>
            <marc:subfield code="f">4883450716</marc:subfield>
            <marc:subfield code="6">2003-02-03</marc:subfield>
            <marc:subfield code="i">OU900000</marc:subfield>
          </marc:datafield>
          <marc:datafield tag="880" ind1="1" ind2=" ">
            <marc:subfield code="6">100-01/$1</marc:subfield>
            <marc:subfield code="a">ムラカミ, ユキコ</marc:subfield>
          </marc:datafield>
          <marc:datafield tag="880" ind1="1" ind2="0">
            <marc:subfield code="6">245-02/$1</marc:subfield>
            <marc:subfield code="a">グンカンジマ グラフィティ : オモイデ ノ サンポミチ</marc:subfield>
          </marc:datafield>
        </marc:record>
      </metadata>
    </record>