
    <record>
      <header>
        <identifier>oai:carli.illinois.edu:CARLIVoyager2/878</identifier>
        <datestamp>2011-10-21T18:55:54Z</datestamp>
        <setSpec>bib</setSpec>
      </header>
      <metadata>
        <marc:record xmlns:marc="http://www.loc.gov/MARC21/slim" xmlns:xsi="http://www.w3.org/2001/XMLSchema-instance" xsi:schemaLocation="http://www.loc.gov/MARC21/slim http://xc.ilcso.uiuc.edu:8080/OAIToolkit2/schema/MARC21slim_custom.xsd">
          <marc:leader>01551nam a2200349zi 4500</marc:leader>
          <marc:controlfield tag="001">BA60752631</marc:controlfield>
          <marc:controlfield tag="003">NII</marc:controlfield>
          <marc:controlfield tag="005">20110909134435.0</marc:controlfield>
          <marc:controlfield tag="007">ta </marc:controlfield>
          <marc:controlfield tag="008">090917s1742    ja ||||||b||||||||||jpn|d</marc:controlfield>
          <marc:datafield tag="016" ind1="7" ind2=" ">
            <marc:subfield code="a">BA60752631</marc:subfield>
            <marc:subfield code="2">JP-ToKJK</marc:subfield>
          </marc:datafield>
          <marc:datafield tag="040" ind1=" " ind2=" ">
            <marc:subfield code="a">NII</marc:subfield>
          </marc:datafield>
          <marc:datafield tag="041" ind1="0" ind2=" ">
            <marc:subfield code="a">jpn</marc:subfield>
          </marc:datafield>
          <marc:datafield tag="044" ind1=" " ind2=" ">
            <marc:subfield code="a">ja</marc:subfield>
            <marc:subfield code="5">NII</marc:subfield>
          </marc:datafield>
          <marc:datafield tag="100" ind1="1" ind2=" ">
            <marc:subfield code="6">880-01</marc:subfield>
            <marc:subfield code="a">村上, 宗占</marc:subfield>
          </marc:datafield>
          <marc:datafield tag="245" ind1="1" ind2="0">
            <marc:subfield code="a">兪穴辧解 巻之下</marc:subfield>
            <marc:subfield code="c">一得子村上宗占(原著)</marc:subfield>
            <marc:subfield code="6">880-02</marc:subfield>
          </marc:datafield>
          <marc:datafield tag="246" ind1="3" ind2="3">
            <marc:subfield code="a">銅人形 定髪 附乳臍之訳</marc:subfield>
          </marc:datafield>
          <marc:datafield tag="246" ind1="3" ind2="3">
            <marc:subfield code="a">骨度</marc:subfield>
          </marc:datafield>
          <marc:datafield tag="246" ind1="3" ind2="3">
            <marc:subfield code="a">兪穴 辧解</marc:subfield>
          </marc:datafield>
          <marc:datafield tag="260" ind1=" " ind2=" ">
            <marc:subfield code="a">[書写地不明]</marc:subfield>
            <marc:subfield code="b">[書写者不明]</marc:subfield>
            <marc:subfield code="c">[寛保2年 (1742) 跋]</marc:subfield>
          </marc:datafield>
          <marc:datafield tag="300" ind1=" " ind2=" ">
            <marc:subfield code="a">1冊</marc:subfield>
            <marc:subfield code="b">挿図あり</marc:subfield>
            <marc:subfield code="c">27cm</marc:subfield>
          </marc:datafield>
          <marc:datafield tag="500" ind1=" " ind2=" ">
            <marc:subfield code="a">和装本, 写本, 帙入り</marc:subfield>
          </marc:datafield>
          <marc:datafield tag="500" ind1=" " ind2=" ">
            <marc:subfield code="a">『兪穴辧解 巻之下』の原著は、村上宗著『兪穴辧解』寛保二年 [1742] 刊(国書総目録による)</marc:subfield>
          </marc:datafield>
          <marc:datafield tag="500" ind1=" " ind2=" ">
            <marc:subfield code="a">和漢古書につき記述対象資料毎に書誌作成</marc:subfield>
          </marc:datafield>
          <marc:datafield tag="500" ind1=" " ind2=" ">
            <marc:subfield code="a">***記述は遡及データによる</marc:subfield>
          </marc:datafield>
          <marc:datafield tag="500" ind1=" " ind2=" ">
            <marc:subfield code="a">複数のソースに基づいた写本である</marc:subfield>
          </marc:datafield>
          <marc:datafield tag="500" ind1=" " ind2=" ">
            <marc:subfield code="a">「銅人形定髪附乳臍之訳」の末に「安永二年癸巳穐九月念七日裏町寓巨白當盡」とあり</marc:subfield>
          </marc:datafield>
          <marc:datafield tag="740" ind1="0" ind2=" ">
            <marc:subfield code="a">兪穴辧解 巻之下</marc:subfield>
          </marc:datafield>
          <marc:datafield tag="852" ind1=" " ind2=" ">
            <marc:subfield code="a">九大医(FA003465)</marc:subfield>
            <marc:subfield code="k">和漢古医書/ユ-5</marc:subfield>
            <marc:subfield code="m">OTHER</marc:subfield>
            <marc:subfield code="b">Medical</marc:subfield>
            <marc:subfield code="c">***遡及ICOMB2002</marc:subfield>
            <marc:subfield code="x">Library</marc:subfield>
            <marc:subfield code="j">医学図書館  貴古</marc:subfield>
            <marc:subfield code="g">MEDICAL LIBRARY, Rare Book Room, Old Medical Books</marc:subfield>
            <marc:subfield code="p">042112002726748</marc:subfield>
            <marc:subfield code="6">2004-12-08</marc:subfield>
            <marc:subfield code="i">OR991100</marc:subfield>
          </marc:datafield>
          <marc:datafield tag="880" ind1="1" ind2=" ">
            <marc:subfield code="6">100-01/$1</marc:subfield>
            <marc:subfield code="a">ムラカミ, ソウセン</marc:subfield>
          </marc:datafield>
          <marc:datafield tag="880" ind1="1" ind2="0">
            <marc:subfield code="6">245-02/$1</marc:subfield>
            <marc:subfield code="a">ユケツ ベンカイ マキノゲ</marc:subfield>
          </marc:datafield>
        </marc:record>
      </metadata>
    </record>