
    <record>
      <header>
        <identifier>oai:carli.illinois.edu:CARLIVoyager2/884</identifier>
        <datestamp>2011-10-21T18:55:54Z</datestamp>
        <setSpec>bib</setSpec>
      </header>
      <metadata>
        <marc:record xmlns:marc="http://www.loc.gov/MARC21/slim" xmlns:xsi="http://www.w3.org/2001/XMLSchema-instance" xsi:schemaLocation="http://www.loc.gov/MARC21/slim http://xc.ilcso.uiuc.edu:8080/OAIToolkit2/schema/MARC21slim_custom.xsd">
          <marc:leader>06058nam a2200973zi 4500</marc:leader>
          <marc:controlfield tag="001">BA61285961</marc:controlfield>
          <marc:controlfield tag="003">NII</marc:controlfield>
          <marc:controlfield tag="005">20110909134436.0</marc:controlfield>
          <marc:controlfield tag="007">ta </marc:controlfield>
          <marc:controlfield tag="008">090917s2002    ja ||||||b||||||||||jpn|d</marc:controlfield>
          <marc:datafield tag="016" ind1="7" ind2=" ">
            <marc:subfield code="a">BA61285961</marc:subfield>
            <marc:subfield code="2">JP-ToKJK</marc:subfield>
          </marc:datafield>
          <marc:datafield tag="020" ind1=" " ind2=" ">
            <marc:subfield code="a">4902010003</marc:subfield>
          </marc:datafield>
          <marc:datafield tag="040" ind1=" " ind2=" ">
            <marc:subfield code="a">NII</marc:subfield>
          </marc:datafield>
          <marc:datafield tag="041" ind1="0" ind2=" ">
            <marc:subfield code="a">jpn</marc:subfield>
          </marc:datafield>
          <marc:datafield tag="044" ind1=" " ind2=" ">
            <marc:subfield code="a">ja</marc:subfield>
            <marc:subfield code="5">NII</marc:subfield>
          </marc:datafield>
          <marc:datafield tag="084" ind1=" " ind2=" ">
            <marc:subfield code="a">K121</marc:subfield>
            <marc:subfield code="2">NDLC</marc:subfield>
          </marc:datafield>
          <marc:datafield tag="100" ind1="1" ind2=" ">
            <marc:subfield code="6">880-01</marc:subfield>
            <marc:subfield code="a">文化財研究所奈良文化財研究所</marc:subfield>
            <marc:subfield code="0">(NII)DA13272943</marc:subfield>
          </marc:datafield>
          <marc:datafield tag="245" ind1="1" ind2="0">
            <marc:subfield code="a">奈良文化財研究所創立50周年記念論文集</marc:subfield>
            <marc:subfield code="c">文化財研究所奈良文化財研究所編</marc:subfield>
            <marc:subfield code="6">880-02</marc:subfield>
          </marc:datafield>
          <marc:datafield tag="246" ind1="3" ind2="5">
            <marc:subfield code="a">Advances in the study of cultural properties</marc:subfield>
          </marc:datafield>
          <marc:datafield tag="260" ind1=" " ind2=" ">
            <marc:subfield code="a">奈良</marc:subfield>
            <marc:subfield code="b">文化財研究所奈良文化財研究所</marc:subfield>
            <marc:subfield code="c">2002.12</marc:subfield>
          </marc:datafield>
          <marc:datafield tag="300" ind1=" " ind2=" ">
            <marc:subfield code="a">750p</marc:subfield>
            <marc:subfield code="b">挿図, 地図</marc:subfield>
            <marc:subfield code="c">27cm</marc:subfield>
          </marc:datafield>
          <marc:datafield tag="490" ind1="0" ind2=" ">
            <marc:subfield code="6">880-03</marc:subfield>
            <marc:subfield code="a">文化財論叢</marc:subfield>
            <marc:subfield code="3">BN13557949</marc:subfield>
            <marc:subfield code="v">3</marc:subfield>
          </marc:datafield>
          <marc:datafield tag="490" ind1="0" ind2=" ">
            <marc:subfield code="6">880-04</marc:subfield>
            <marc:subfield code="a">奈良文化財研究所学報</marc:subfield>
            <marc:subfield code="3">BA58069709</marc:subfield>
            <marc:subfield code="v">第65冊</marc:subfield>
          </marc:datafield>
          <marc:datafield tag="505" ind1="0" ind2="0">
            <marc:subfield code="t">北関東における分銅形打製石器の出現と展開</marc:subfield>
            <marc:subfield code="r">渡辺丈彦著</marc:subfield>
          </marc:datafield>
          <marc:datafield tag="505" ind1="0" ind2="0">
            <marc:subfield code="t">伐採斧の出現とその背景 : 先史社会の用途論</marc:subfield>
            <marc:subfield code="r">神野恵著</marc:subfield>
          </marc:datafield>
          <marc:datafield tag="505" ind1="0" ind2="0">
            <marc:subfield code="t">石庖丁原論</marc:subfield>
            <marc:subfield code="r">森本晋著</marc:subfield>
          </marc:datafield>
          <marc:datafield tag="505" ind1="0" ind2="0">
            <marc:subfield code="t">装身の負傷者たち</marc:subfield>
            <marc:subfield code="r">深澤芳樹著</marc:subfield>
          </marc:datafield>
          <marc:datafield tag="505" ind1="0" ind2="0">
            <marc:subfield code="t">古墳の葺石</marc:subfield>
            <marc:subfield code="r">高橋克寿著</marc:subfield>
          </marc:datafield>
          <marc:datafield tag="505" ind1="0" ind2="0">
            <marc:subfield code="t">古墳時代甲冑の系譜と木甲</marc:subfield>
            <marc:subfield code="r">小林謙一著</marc:subfield>
          </marc:datafield>
          <marc:datafield tag="505" ind1="0" ind2="0">
            <marc:subfield code="t">後期古墳出土鉄鏃の地域性と階層性</marc:subfield>
            <marc:subfield code="r">豊島直博著</marc:subfield>
          </marc:datafield>
          <marc:datafield tag="505" ind1="0" ind2="0">
            <marc:subfield code="t">三道の設定と五条野丸山古墳</marc:subfield>
            <marc:subfield code="r">小澤毅著</marc:subfield>
          </marc:datafield>
          <marc:datafield tag="505" ind1="0" ind2="0">
            <marc:subfield code="t">飛鳥の工房二態</marc:subfield>
            <marc:subfield code="r">小池伸彦著</marc:subfield>
          </marc:datafield>
          <marc:datafield tag="505" ind1="0" ind2="0">
            <marc:subfield code="t">富本銭出土遺跡考</marc:subfield>
            <marc:subfield code="r">松村恵司著</marc:subfield>
          </marc:datafield>
          <marc:datafield tag="505" ind1="0" ind2="0">
            <marc:subfield code="t">飛鳥池遺跡出土「次米」本簡管見</marc:subfield>
            <marc:subfield code="r">山下信一郎著</marc:subfield>
          </marc:datafield>
          <marc:datafield tag="505" ind1="0" ind2="0">
            <marc:subfield code="t">飛鳥池遺跡の性格をめぐって</marc:subfield>
            <marc:subfield code="r">杉山洋著</marc:subfield>
          </marc:datafield>
          <marc:datafield tag="505" ind1="0" ind2="0">
            <marc:subfield code="t">飛鳥藤原地域出土の新羅印花文土器</marc:subfield>
            <marc:subfield code="r">安田龍太郎著</marc:subfield>
          </marc:datafield>
          <marc:datafield tag="505" ind1="0" ind2="0">
            <marc:subfield code="t">藤原京と平城京「外京」</marc:subfield>
            <marc:subfield code="r">黒崎直著</marc:subfield>
          </marc:datafield>
          <marc:datafield tag="505" ind1="0" ind2="0">
            <marc:subfield code="t">遷都当初の平城京をめぐる一・二の問題</marc:subfield>
            <marc:subfield code="r">田辺征夫著</marc:subfield>
          </marc:datafield>
          <marc:datafield tag="505" ind1="0" ind2="0">
            <marc:subfield code="t">「重閣門」・朱雀門考</marc:subfield>
            <marc:subfield code="r">吉川聡著</marc:subfield>
          </marc:datafield>
          <marc:datafield tag="505" ind1="0" ind2="0">
            <marc:subfield code="t">平城宮第一次大極殿の基壇と屋根形態</marc:subfield>
            <marc:subfield code="r">平澤麻衣子著</marc:subfield>
          </marc:datafield>
          <marc:datafield tag="505" ind1="0" ind2="0">
            <marc:subfield code="t">平城宮第一次大極殿院内の磚積擁壁の平面形について</marc:subfield>
            <marc:subfield code="r">内田和伸著</marc:subfield>
          </marc:datafield>
          <marc:datafield tag="505" ind1="0" ind2="0">
            <marc:subfield code="t">平城宮・京の文字瓦からみた瓦生産</marc:subfield>
            <marc:subfield code="r">山崎信二著</marc:subfield>
          </marc:datafield>
          <marc:datafield tag="505" ind1="0" ind2="0">
            <marc:subfield code="t">平城宮の酒造り</marc:subfield>
            <marc:subfield code="r">玉田芳英著</marc:subfield>
          </marc:datafield>
          <marc:datafield tag="505" ind1="0" ind2="0">
            <marc:subfield code="t">掘立柱の根固めについて : 平城宮を中心として</marc:subfield>
            <marc:subfield code="r">石橋茂登著</marc:subfield>
          </marc:datafield>
          <marc:datafield tag="505" ind1="0" ind2="0">
            <marc:subfield code="t">二条大路出土京職進上木簡三題</marc:subfield>
            <marc:subfield code="r">馬場基著</marc:subfield>
          </marc:datafield>
          <marc:datafield tag="505" ind1="0" ind2="0">
            <marc:subfield code="t">石山寺所蔵の五月一日経、雑宝蔵経巻4・巻5について</marc:subfield>
            <marc:subfield code="r">渡辺晃宏著</marc:subfield>
          </marc:datafield>
          <marc:datafield tag="505" ind1="0" ind2="0">
            <marc:subfield code="t">宮廷と苑池 : 平城宮にみる嶋の用語</marc:subfield>
            <marc:subfield code="r">金子裕之著</marc:subfield>
          </marc:datafield>
          <marc:datafield tag="505" ind1="0" ind2="0">
            <marc:subfield code="t">唐三彩の生産と供給</marc:subfield>
            <marc:subfield code="r">巽淳一郎著</marc:subfield>
          </marc:datafield>
          <marc:datafield tag="505" ind1="0" ind2="0">
            <marc:subfield code="t">古代中国の腰帯 : 丸鞆・巡方の系譜</marc:subfield>
            <marc:subfield code="r">毛利光俊彦著</marc:subfield>
          </marc:datafield>
          <marc:datafield tag="505" ind1="0" ind2="0">
            <marc:subfield code="t">高句麗・百済都城における瓦の使用</marc:subfield>
            <marc:subfield code="r">千田剛道著</marc:subfield>
          </marc:datafield>
          <marc:datafield tag="505" ind1="0" ind2="0">
            <marc:subfield code="t">法隆寺の四騎獅子狩文錦について</marc:subfield>
            <marc:subfield code="r">町田章著</marc:subfield>
          </marc:datafield>
          <marc:datafield tag="505" ind1="0" ind2="0">
            <marc:subfield code="t">The history of Japanese gardens as seen through archaeological investigation</marc:subfield>
            <marc:subfield code="r">小野健吉著</marc:subfield>
          </marc:datafield>
          <marc:datafield tag="505" ind1="0" ind2="0">
            <marc:subfield code="t">正倉の規模と穎穀収納量をめぐる若干の問題</marc:subfield>
            <marc:subfield code="r">山中敏史著</marc:subfield>
          </marc:datafield>
          <marc:datafield tag="505" ind1="0" ind2="0">
            <marc:subfield code="t">朝使派遣と国司</marc:subfield>
            <marc:subfield code="r">市大樹著</marc:subfield>
          </marc:datafield>
          <marc:datafield tag="505" ind1="0" ind2="0">
            <marc:subfield code="t">古代土器製作技法考再説 : 近畿地方の瓦器椀・土師器杯類と丸底甕</marc:subfield>
            <marc:subfield code="r">井上和人著</marc:subfield>
          </marc:datafield>
          <marc:datafield tag="505" ind1="0" ind2="0">
            <marc:subfield code="t">古代都城の環境汚染とその対策 : 特に斃牛馬処理と屎尿処理を中心に</marc:subfield>
            <marc:subfield code="r">松井章著</marc:subfield>
          </marc:datafield>
          <marc:datafield tag="505" ind1="0" ind2="0">
            <marc:subfield code="t">石山寺一切経の経函について : その墨書銘からみた整理</marc:subfield>
            <marc:subfield code="r">綾村宏著</marc:subfield>
          </marc:datafield>
          <marc:datafield tag="505" ind1="0" ind2="0">
            <marc:subfield code="t">岐阜県柿田遺跡出土の茅負について</marc:subfield>
            <marc:subfield code="r">箱崎和久著</marc:subfield>
          </marc:datafield>
          <marc:datafield tag="505" ind1="0" ind2="0">
            <marc:subfield code="t">春日座大工の持続と終焉</marc:subfield>
            <marc:subfield code="r">清水重敦著</marc:subfield>
          </marc:datafield>
          <marc:datafield tag="505" ind1="0" ind2="0">
            <marc:subfield code="t">古代建築に見られる10mモジュール : 材料としての木材と建築構造・規模の関係</marc:subfield>
            <marc:subfield code="r">村田健一著</marc:subfield>
          </marc:datafield>
          <marc:datafield tag="505" ind1="0" ind2="0">
            <marc:subfield code="t">伝統的木造建造物の振動特性 : 常時微動測定の結果から</marc:subfield>
            <marc:subfield code="r">内田昭人著</marc:subfield>
          </marc:datafield>
          <marc:datafield tag="505" ind1="0" ind2="0">
            <marc:subfield code="t">活用を重視した歴史的な建物の修復 : ドイツ・マイセン旧市街にみる保存</marc:subfield>
            <marc:subfield code="r">木村勉著</marc:subfield>
          </marc:datafield>
          <marc:datafield tag="505" ind1="0" ind2="0">
            <marc:subfield code="t">島根県温泉津の伝統的建造物にみられる細部意匠について</marc:subfield>
            <marc:subfield code="r">金井健著</marc:subfield>
          </marc:datafield>
          <marc:datafield tag="505" ind1="0" ind2="0">
            <marc:subfield code="t">近世城郭における天守閣復原</marc:subfield>
            <marc:subfield code="r">高瀬要一著</marc:subfield>
          </marc:datafield>
          <marc:datafield tag="505" ind1="0" ind2="0">
            <marc:subfield code="t">高齢者や障害者等に配慮した史跡整備</marc:subfield>
            <marc:subfield code="r">中島義晴著</marc:subfield>
          </marc:datafield>
          <marc:datafield tag="505" ind1="0" ind2="0">
            <marc:subfield code="t">特別史跡平城宮跡の整備</marc:subfield>
            <marc:subfield code="r">渡邊康史著</marc:subfield>
          </marc:datafield>
          <marc:datafield tag="505" ind1="0" ind2="0">
            <marc:subfield code="t">古代壁画の保存科学的研究</marc:subfield>
            <marc:subfield code="r">沢田正昭著</marc:subfield>
          </marc:datafield>
          <marc:datafield tag="505" ind1="0" ind2="0">
            <marc:subfield code="t">年輪年代法による国宝三仏寺奥院(投入堂)・納経堂・木彫仏等の年代解明</marc:subfield>
            <marc:subfield code="r">光谷拓実著</marc:subfield>
          </marc:datafield>
          <marc:datafield tag="505" ind1="0" ind2="0">
            <marc:subfield code="t">「富本銭」の材質に関する材料学的研究</marc:subfield>
            <marc:subfield code="r">村上隆著</marc:subfield>
          </marc:datafield>
          <marc:datafield tag="505" ind1="0" ind2="0">
            <marc:subfield code="t">鉛バリウムガラスより発見された珪酸銅バリウム(BaCuSi4O10)について</marc:subfield>
            <marc:subfield code="r">肥塚隆保著</marc:subfield>
          </marc:datafield>
          <marc:datafield tag="505" ind1="0" ind2="0">
            <marc:subfield code="t">レーザーラマン分光分析法を用いた文化財資料の非破壊分析法の開発</marc:subfield>
            <marc:subfield code="r">高妻洋成著</marc:subfield>
          </marc:datafield>
          <marc:datafield tag="505" ind1="0" ind2="0">
            <marc:subfield code="t">デジタル技術を使用した光学的調査</marc:subfield>
            <marc:subfield code="r">中村一郎著</marc:subfield>
          </marc:datafield>
          <marc:datafield tag="505" ind1="0" ind2="0">
            <marc:subfield code="t">考古学における地中レーダー探査史概観</marc:subfield>
            <marc:subfield code="r">西村康著</marc:subfield>
          </marc:datafield>
          <marc:datafield tag="650" ind1=" " ind2="7">
            <marc:subfield code="6">880-05</marc:subfield>
            <marc:subfield code="a">文化財</marc:subfield>
            <marc:subfield code="2">NDLSH</marc:subfield>
          </marc:datafield>
          <marc:datafield tag="740" ind1="0" ind2=" ">
            <marc:subfield code="a">奈良文化財研究所創立50周年記念論文集</marc:subfield>
          </marc:datafield>
          <marc:datafield tag="830" ind1=" " ind2=" ">
            <marc:subfield code="w">BN13557949</marc:subfield>
          </marc:datafield>
          <marc:datafield tag="830" ind1=" " ind2=" ">
            <marc:subfield code="w">BA58069709</marc:subfield>
          </marc:datafield>
          <marc:datafield tag="852" ind1=" " ind2=" ">
            <marc:subfield code="a">九大(FA003454)</marc:subfield>
            <marc:subfield code="k">美学/300/134</marc:subfield>
            <marc:subfield code="m">OTHER</marc:subfield>
            <marc:subfield code="b">Humanities and Social Sciences</marc:subfield>
            <marc:subfield code="x">Library</marc:subfield>
            <marc:subfield code="j">文 美学</marc:subfield>
            <marc:subfield code="g">LETTERS, Aesthetics &amp; History of Arts</marc:subfield>
            <marc:subfield code="p">005112004521562</marc:subfield>
            <marc:subfield code="f">4902010003</marc:subfield>
            <marc:subfield code="6">2005-05-06</marc:subfield>
            <marc:subfield code="i">AA105000</marc:subfield>
          </marc:datafield>
          <marc:datafield tag="880" ind1="1" ind2=" ">
            <marc:subfield code="6">100-01/$1</marc:subfield>
            <marc:subfield code="a">ブンカザイ ケンキュウジョ ナラ ブンカザイ ケンキュウジョ</marc:subfield>
          </marc:datafield>
          <marc:datafield tag="880" ind1="1" ind2="0">
            <marc:subfield code="6">245-02/$1</marc:subfield>
            <marc:subfield code="a">ナラ ブンカザイ ケンキュウジョ ソウリツ 50シュウネン キネン ロンブンシュウ</marc:subfield>
          </marc:datafield>
          <marc:datafield tag="880" ind1="0" ind2=" ">
            <marc:subfield code="6">490-03/$1</marc:subfield>
            <marc:subfield code="a">ブンカザイ ロンソウ</marc:subfield>
          </marc:datafield>
          <marc:datafield tag="880" ind1="0" ind2=" ">
            <marc:subfield code="6">490-04/$1</marc:subfield>
            <marc:subfield code="a">ナラ ブンカザイ ケンキュウジョ ガクホウ</marc:subfield>
          </marc:datafield>
          <marc:datafield tag="880" ind1=" " ind2="7">
            <marc:subfield code="6">650-05/$1</marc:subfield>
            <marc:subfield code="a">ブンカザイ</marc:subfield>
          </marc:datafield>
        </marc:record>
      </metadata>
    </record>