
    <record>
      <header>
        <identifier>oai:carli.illinois.edu:CARLIVoyager2/891</identifier>
        <datestamp>2011-10-21T18:55:54Z</datestamp>
        <setSpec>bib</setSpec>
      </header>
      <metadata>
        <marc:record xmlns:marc="http://www.loc.gov/MARC21/slim" xmlns:xsi="http://www.w3.org/2001/XMLSchema-instance" xsi:schemaLocation="http://www.loc.gov/MARC21/slim http://xc.ilcso.uiuc.edu:8080/OAIToolkit2/schema/MARC21slim_custom.xsd">
          <marc:leader>02021nam a2200301zi 4500</marc:leader>
          <marc:controlfield tag="001">BA61585251</marc:controlfield>
          <marc:controlfield tag="003">NII</marc:controlfield>
          <marc:controlfield tag="005">20110909134438.0</marc:controlfield>
          <marc:controlfield tag="007">ta </marc:controlfield>
          <marc:controlfield tag="008">090917s1985    ja ||||||b||||||||||jpn|d</marc:controlfield>
          <marc:datafield tag="016" ind1="7" ind2=" ">
            <marc:subfield code="a">BA61585251</marc:subfield>
            <marc:subfield code="2">JP-ToKJK</marc:subfield>
          </marc:datafield>
          <marc:datafield tag="040" ind1=" " ind2=" ">
            <marc:subfield code="a">NII</marc:subfield>
          </marc:datafield>
          <marc:datafield tag="041" ind1="0" ind2=" ">
            <marc:subfield code="a">jpn</marc:subfield>
          </marc:datafield>
          <marc:datafield tag="044" ind1=" " ind2=" ">
            <marc:subfield code="a">ja</marc:subfield>
            <marc:subfield code="5">NII</marc:subfield>
          </marc:datafield>
          <marc:datafield tag="100" ind1="1" ind2=" ">
            <marc:subfield code="6">880-01</marc:subfield>
            <marc:subfield code="a">村上, 勝美(1907-)</marc:subfield>
            <marc:subfield code="0">(NII)DA04724002</marc:subfield>
          </marc:datafield>
          <marc:datafield tag="245" ind1="1" ind2="0">
            <marc:subfield code="a">腎疾患予防対策に関する基礎的研究</marc:subfield>
            <marc:subfield code="b">小児から中高年者に至る生涯管理</marc:subfield>
            <marc:subfield code="c">主任研究者村上勝美</marc:subfield>
            <marc:subfield code="6">880-02</marc:subfield>
          </marc:datafield>
          <marc:datafield tag="246" ind1="3" ind2="4">
            <marc:subfield code="6">880-03</marc:subfield>
            <marc:subfield code="a">厚生省特別研究事業報告書 : 腎疾患予防対策に関する基礎的研究 : 小児から中高年者に至る生涯管理</marc:subfield>
          </marc:datafield>
          <marc:datafield tag="246" ind1="3" ind2="8">
            <marc:subfield code="6">880-04</marc:subfield>
            <marc:subfield code="a">腎疾患予防対策に関する基礎的研究</marc:subfield>
          </marc:datafield>
          <marc:datafield tag="260" ind1=" " ind2=" ">
            <marc:subfield code="a">[東京]</marc:subfield>
            <marc:subfield code="b">厚生省特別研究班</marc:subfield>
            <marc:subfield code="c">[1985.8序]</marc:subfield>
          </marc:datafield>
          <marc:datafield tag="300" ind1=" " ind2=" ">
            <marc:subfield code="a">249p</marc:subfield>
            <marc:subfield code="c">26cm</marc:subfield>
          </marc:datafield>
          <marc:datafield tag="500" ind1=" " ind2=" ">
            <marc:subfield code="a">昭和56,57,58年度厚生省厚生科学研究費補助金(特別研究事業)による班研究</marc:subfield>
          </marc:datafield>
          <marc:datafield tag="740" ind1="0" ind2=" ">
            <marc:subfield code="a">腎疾患予防対策に関する基礎的研究</marc:subfield>
          </marc:datafield>
          <marc:datafield tag="852" ind1=" " ind2=" ">
            <marc:subfield code="a">九大理系(FA02289X)</marc:subfield>
            <marc:subfield code="k">494.93/Mu 43</marc:subfield>
            <marc:subfield code="m">NDC</marc:subfield>
            <marc:subfield code="b">Ito</marc:subfield>
            <marc:subfield code="x">Research room</marc:subfield>
            <marc:subfield code="j">比文 社会変動104</marc:subfield>
            <marc:subfield code="g">Social and Cultural Studies</marc:subfield>
            <marc:subfield code="p">050122002001652</marc:subfield>
            <marc:subfield code="6">2003-12-22</marc:subfield>
            <marc:subfield code="i">MA111104</marc:subfield>
          </marc:datafield>
          <marc:datafield tag="880" ind1="1" ind2=" ">
            <marc:subfield code="6">100-01/$1</marc:subfield>
            <marc:subfield code="a">ムラカミ, カツヨシ</marc:subfield>
          </marc:datafield>
          <marc:datafield tag="880" ind1="1" ind2="0">
            <marc:subfield code="6">245-02/$1</marc:subfield>
            <marc:subfield code="a">ジン シッカン ヨボウ タイサク ニ カンスル キソテキ ケンキュウ : ショウニ カラ チュウコウネンシャ ニ イタル ショウガイ カンリ</marc:subfield>
          </marc:datafield>
          <marc:datafield tag="880" ind1="3" ind2="4">
            <marc:subfield code="6">246-03/$1</marc:subfield>
            <marc:subfield code="a">コウセイショウ トクベツ ケンキュウ ジギョウ ホウコクショ : ジン シッカン ヨボウ タイサク ニ カンスル キソテキ ケンキュウ : ショウニ カラ チュウコウネンシャ ニ イタル ショウガイ カンリ</marc:subfield>
          </marc:datafield>
          <marc:datafield tag="880" ind1="3" ind2="8">
            <marc:subfield code="6">246-04/$1</marc:subfield>
            <marc:subfield code="a">ジン シッカン ヨボウ タイサク ニ カンスル キソテキ ケンキュウ</marc:subfield>
          </marc:datafield>
        </marc:record>
      </metadata>
    </record>