
    <record>
      <header>
        <identifier>oai:carli.illinois.edu:CARLIVoyager2/892</identifier>
        <datestamp>2011-10-21T18:55:54Z</datestamp>
        <setSpec>bib</setSpec>
      </header>
      <metadata>
        <marc:record xmlns:marc="http://www.loc.gov/MARC21/slim" xmlns:xsi="http://www.w3.org/2001/XMLSchema-instance" xsi:schemaLocation="http://www.loc.gov/MARC21/slim http://xc.ilcso.uiuc.edu:8080/OAIToolkit2/schema/MARC21slim_custom.xsd">
          <marc:leader>01984nam a2200445zi 4500</marc:leader>
          <marc:controlfield tag="001">BA61643631</marc:controlfield>
          <marc:controlfield tag="003">NII</marc:controlfield>
          <marc:controlfield tag="005">20110909134438.0</marc:controlfield>
          <marc:controlfield tag="007">ta </marc:controlfield>
          <marc:controlfield tag="008">090918s2003    ja ||||||b||||||||||jpn|d</marc:controlfield>
          <marc:datafield tag="016" ind1="7" ind2=" ">
            <marc:subfield code="a">BA61643631</marc:subfield>
            <marc:subfield code="2">JP-ToKJK</marc:subfield>
          </marc:datafield>
          <marc:datafield tag="020" ind1=" " ind2=" ">
            <marc:subfield code="a">4750317128</marc:subfield>
            <marc:subfield code="c">1800円+税</marc:subfield>
          </marc:datafield>
          <marc:datafield tag="040" ind1=" " ind2=" ">
            <marc:subfield code="a">NII</marc:subfield>
          </marc:datafield>
          <marc:datafield tag="041" ind1="0" ind2=" ">
            <marc:subfield code="a">jpn</marc:subfield>
          </marc:datafield>
          <marc:datafield tag="044" ind1=" " ind2=" ">
            <marc:subfield code="a">ja</marc:subfield>
            <marc:subfield code="5">NII</marc:subfield>
          </marc:datafield>
          <marc:datafield tag="084" ind1=" " ind2=" ">
            <marc:subfield code="a">302.34</marc:subfield>
            <marc:subfield code="2">NDC8</marc:subfield>
          </marc:datafield>
          <marc:datafield tag="084" ind1=" " ind2=" ">
            <marc:subfield code="a">302.34</marc:subfield>
            <marc:subfield code="2">NDC9</marc:subfield>
          </marc:datafield>
          <marc:datafield tag="100" ind1="1" ind2=" ">
            <marc:subfield code="6">880-01</marc:subfield>
            <marc:subfield code="a">田村, 光彰(1946-)</marc:subfield>
            <marc:subfield code="0">(NII)DA05298431</marc:subfield>
          </marc:datafield>
          <marc:datafield tag="100" ind1="1" ind2=" ">
            <marc:subfield code="6">880-02</marc:subfield>
            <marc:subfield code="a">村上, 和光(1947-)</marc:subfield>
            <marc:subfield code="0">(NII)DA01446592</marc:subfield>
          </marc:datafield>
          <marc:datafield tag="100" ind1="1" ind2=" ">
            <marc:subfield code="6">880-03</marc:subfield>
            <marc:subfield code="a">岩淵, 正明(1950-)</marc:subfield>
            <marc:subfield code="0">(NII)DA14043329</marc:subfield>
          </marc:datafield>
          <marc:datafield tag="245" ind1="1" ind2="0">
            <marc:subfield code="a">現代ドイツの社会・文化を知るための48章</marc:subfield>
            <marc:subfield code="c">田村光彰, 村上和光, 岩淵正明編著</marc:subfield>
            <marc:subfield code="6">880-04</marc:subfield>
          </marc:datafield>
          <marc:datafield tag="246" ind1="3" ind2="3">
            <marc:subfield code="6">880-05</marc:subfield>
            <marc:subfield code="a">現代ドイツの社会文化を知るための48章</marc:subfield>
          </marc:datafield>
          <marc:datafield tag="260" ind1=" " ind2=" ">
            <marc:subfield code="a">東京</marc:subfield>
            <marc:subfield code="b">明石書店</marc:subfield>
            <marc:subfield code="c">2003.4</marc:subfield>
          </marc:datafield>
          <marc:datafield tag="300" ind1=" " ind2=" ">
            <marc:subfield code="a">211p</marc:subfield>
            <marc:subfield code="b">挿図, 肖像, 地図</marc:subfield>
            <marc:subfield code="c">19cm</marc:subfield>
          </marc:datafield>
          <marc:datafield tag="490" ind1="0" ind2=" ">
            <marc:subfield code="6">880-06</marc:subfield>
            <marc:subfield code="a">エリア・スタディーズ</marc:subfield>
            <marc:subfield code="3">BA38432522</marc:subfield>
          </marc:datafield>
          <marc:datafield tag="500" ind1=" " ind2=" ">
            <marc:subfield code="a">執筆: 岩淵正明, 菊池悦朗ほか</marc:subfield>
          </marc:datafield>
          <marc:datafield tag="500" ind1=" " ind2=" ">
            <marc:subfield code="a">参考文献: 章末</marc:subfield>
          </marc:datafield>
          <marc:datafield tag="500" ind1=" " ind2=" ">
            <marc:subfield code="a">初版第2刷 (2007.7刊) にシリーズ巻号「28」あり</marc:subfield>
          </marc:datafield>
          <marc:datafield tag="650" ind1=" " ind2="7">
            <marc:subfield code="6">880-07</marc:subfield>
            <marc:subfield code="a">ドイツ</marc:subfield>
            <marc:subfield code="2">BSH</marc:subfield>
          </marc:datafield>
          <marc:datafield tag="740" ind1="0" ind2=" ">
            <marc:subfield code="a">現代ドイツの社会・文化を知るための48章</marc:subfield>
          </marc:datafield>
          <marc:datafield tag="830" ind1=" " ind2=" ">
            <marc:subfield code="w">BA38432522</marc:subfield>
          </marc:datafield>
          <marc:datafield tag="852" ind1=" " ind2=" ">
            <marc:subfield code="a">九大理系(FA02289X)</marc:subfield>
            <marc:subfield code="k">302.34/Ta 45</marc:subfield>
            <marc:subfield code="m">NDC</marc:subfield>
            <marc:subfield code="b">Ito</marc:subfield>
            <marc:subfield code="x">Library</marc:subfield>
            <marc:subfield code="j">伊都理系 1F 開架</marc:subfield>
            <marc:subfield code="g">Ito Rikei １F open</marc:subfield>
            <marc:subfield code="p">031112005001003</marc:subfield>
            <marc:subfield code="f">4750317128</marc:subfield>
            <marc:subfield code="6">2005-08-31</marc:subfield>
            <marc:subfield code="i">OP001000</marc:subfield>
          </marc:datafield>
          <marc:datafield tag="880" ind1="1" ind2=" ">
            <marc:subfield code="6">100-01/$1</marc:subfield>
            <marc:subfield code="a">タムラ, ミツアキ</marc:subfield>
          </marc:datafield>
          <marc:datafield tag="880" ind1="1" ind2=" ">
            <marc:subfield code="6">100-02/$1</marc:subfield>
            <marc:subfield code="a">ムラカミ, カズミツ</marc:subfield>
          </marc:datafield>
          <marc:datafield tag="880" ind1="1" ind2=" ">
            <marc:subfield code="6">100-03/$1</marc:subfield>
            <marc:subfield code="a">イワブチ, マサアキ</marc:subfield>
          </marc:datafield>
          <marc:datafield tag="880" ind1="1" ind2="0">
            <marc:subfield code="6">245-04/$1</marc:subfield>
            <marc:subfield code="a">ゲンダイ ドイツ ノ シャカイ ブンカ オ シル タメ ノ 48ショウ</marc:subfield>
          </marc:datafield>
          <marc:datafield tag="880" ind1="3" ind2="3">
            <marc:subfield code="6">246-05/$1</marc:subfield>
            <marc:subfield code="a">ゲンダイ ドイツ ノ シャカイ ブンカ オ シル タメノ 48ショウ</marc:subfield>
          </marc:datafield>
          <marc:datafield tag="880" ind1="0" ind2=" ">
            <marc:subfield code="6">490-06/$1</marc:subfield>
            <marc:subfield code="a">エリア スタディーズ</marc:subfield>
          </marc:datafield>
          <marc:datafield tag="880" ind1=" " ind2="7">
            <marc:subfield code="6">650-07/$1</marc:subfield>
            <marc:subfield code="a">ドイツ</marc:subfield>
          </marc:datafield>
        </marc:record>
      </metadata>
    </record>