
    <record>
      <header>
        <identifier>oai:carli.illinois.edu:CARLIVoyager2/894</identifier>
        <datestamp>2011-10-21T18:55:54Z</datestamp>
        <setSpec>bib</setSpec>
      </header>
      <metadata>
        <marc:record xmlns:marc="http://www.loc.gov/MARC21/slim" xmlns:xsi="http://www.w3.org/2001/XMLSchema-instance" xsi:schemaLocation="http://www.loc.gov/MARC21/slim http://xc.ilcso.uiuc.edu:8080/OAIToolkit2/schema/MARC21slim_custom.xsd">
          <marc:leader>05671nam a2201033zi 4500</marc:leader>
          <marc:controlfield tag="001">BA61799481</marc:controlfield>
          <marc:controlfield tag="003">NII</marc:controlfield>
          <marc:controlfield tag="005">20110909134439.0</marc:controlfield>
          <marc:controlfield tag="007">ta </marc:controlfield>
          <marc:controlfield tag="008">090917s2003    ja ||||||b||||||||||jpn|d</marc:controlfield>
          <marc:datafield tag="016" ind1="7" ind2=" ">
            <marc:subfield code="a">BA61799481</marc:subfield>
            <marc:subfield code="2">JP-ToKJK</marc:subfield>
          </marc:datafield>
          <marc:datafield tag="020" ind1=" " ind2=" ">
            <marc:subfield code="a">4589026503</marc:subfield>
            <marc:subfield code="c">9000円</marc:subfield>
          </marc:datafield>
          <marc:datafield tag="040" ind1=" " ind2=" ">
            <marc:subfield code="a">NII</marc:subfield>
          </marc:datafield>
          <marc:datafield tag="041" ind1="0" ind2=" ">
            <marc:subfield code="a">jpn</marc:subfield>
          </marc:datafield>
          <marc:datafield tag="044" ind1=" " ind2=" ">
            <marc:subfield code="a">ja</marc:subfield>
            <marc:subfield code="5">NII</marc:subfield>
          </marc:datafield>
          <marc:datafield tag="084" ind1=" " ind2=" ">
            <marc:subfield code="a">323.04</marc:subfield>
            <marc:subfield code="2">NDC8</marc:subfield>
          </marc:datafield>
          <marc:datafield tag="084" ind1=" " ind2=" ">
            <marc:subfield code="a">323.04</marc:subfield>
            <marc:subfield code="2">NDC9</marc:subfield>
          </marc:datafield>
          <marc:datafield tag="100" ind1="1" ind2=" ">
            <marc:subfield code="6">880-01</marc:subfield>
            <marc:subfield code="a">安藤, 高行(1941-)</marc:subfield>
            <marc:subfield code="0">(NII)DA00539676</marc:subfield>
          </marc:datafield>
          <marc:datafield tag="100" ind1="1" ind2=" ">
            <marc:subfield code="6">880-02</marc:subfield>
            <marc:subfield code="a">大隈, 義和(1942-)</marc:subfield>
            <marc:subfield code="0">(NII)DA0218862X</marc:subfield>
          </marc:datafield>
          <marc:datafield tag="100" ind1="1" ind2=" ">
            <marc:subfield code="6">880-03</marc:subfield>
            <marc:subfield code="a">落合, 俊行(1950-)</marc:subfield>
            <marc:subfield code="0">(NII)DA00392691</marc:subfield>
          </marc:datafield>
          <marc:datafield tag="100" ind1="1" ind2=" ">
            <marc:subfield code="6">880-04</marc:subfield>
            <marc:subfield code="a">近藤, 敦(1960-)</marc:subfield>
            <marc:subfield code="0">(NII)DA09969379</marc:subfield>
          </marc:datafield>
          <marc:datafield tag="100" ind1="1" ind2=" ">
            <marc:subfield code="6">880-05</marc:subfield>
            <marc:subfield code="a">竹宮, 崇(1941-)</marc:subfield>
            <marc:subfield code="0">(NII)DA02749363</marc:subfield>
          </marc:datafield>
          <marc:datafield tag="100" ind1="1" ind2=" ">
            <marc:subfield code="6">880-06</marc:subfield>
            <marc:subfield code="a">苗村, 辰弥(1963-)</marc:subfield>
            <marc:subfield code="0">(NII)DA1015485X</marc:subfield>
          </marc:datafield>
          <marc:datafield tag="100" ind1="1" ind2=" ">
            <marc:subfield code="6">880-07</marc:subfield>
            <marc:subfield code="a">村上, 英明</marc:subfield>
            <marc:subfield code="0">(NII)DA13242261</marc:subfield>
          </marc:datafield>
          <marc:datafield tag="100" ind1="1" ind2=" ">
            <marc:subfield code="6">880-08</marc:subfield>
            <marc:subfield code="a">木村, 俊夫</marc:subfield>
            <marc:subfield code="0">(NII)DA13972628</marc:subfield>
          </marc:datafield>
          <marc:datafield tag="100" ind1="1" ind2=" ">
            <marc:subfield code="6">880-09</marc:subfield>
            <marc:subfield code="a">笹田, 栄司(1955-)</marc:subfield>
            <marc:subfield code="0">(NII)DA07516690</marc:subfield>
          </marc:datafield>
          <marc:datafield tag="100" ind1="1" ind2=" ">
            <marc:subfield code="6">880-10</marc:subfield>
            <marc:subfield code="a">西村, 枝美</marc:subfield>
            <marc:subfield code="0">(NII)DA13972639</marc:subfield>
          </marc:datafield>
          <marc:datafield tag="100" ind1="1" ind2=" ">
            <marc:subfield code="6">880-11</marc:subfield>
            <marc:subfield code="a">ハラダ, ジョージ R.</marc:subfield>
            <marc:subfield code="0">(NII)DA1397264X</marc:subfield>
          </marc:datafield>
          <marc:datafield tag="100" ind1="1" ind2=" ">
            <marc:subfield code="6">880-12</marc:subfield>
            <marc:subfield code="a">中川, 義朗(1942-)</marc:subfield>
            <marc:subfield code="0">(NII)DA07113672</marc:subfield>
          </marc:datafield>
          <marc:datafield tag="100" ind1="1" ind2=" ">
            <marc:subfield code="6">880-13</marc:subfield>
            <marc:subfield code="a">小原, 清信</marc:subfield>
            <marc:subfield code="0">(NII)DA13972650</marc:subfield>
          </marc:datafield>
          <marc:datafield tag="100" ind1="1" ind2=" ">
            <marc:subfield code="6">880-14</marc:subfield>
            <marc:subfield code="a">松塚, 晋輔(1967-)</marc:subfield>
            <marc:subfield code="0">(NII)DA13943787</marc:subfield>
          </marc:datafield>
          <marc:datafield tag="100" ind1="1" ind2=" ">
            <marc:subfield code="6">880-15</marc:subfield>
            <marc:subfield code="a">井上, 亜紀</marc:subfield>
            <marc:subfield code="0">(NII)DA13972661</marc:subfield>
          </marc:datafield>
          <marc:datafield tag="100" ind1="1" ind2=" ">
            <marc:subfield code="6">880-16</marc:subfield>
            <marc:subfield code="a">今里, 滋(1951-)</marc:subfield>
            <marc:subfield code="0">(NII)DA11498537</marc:subfield>
          </marc:datafield>
          <marc:datafield tag="100" ind1="1" ind2=" ">
            <marc:subfield code="6">880-17</marc:subfield>
            <marc:subfield code="a">渡邊, 榮文(1947-)</marc:subfield>
            <marc:subfield code="0">(NII)DA08951968</marc:subfield>
          </marc:datafield>
          <marc:datafield tag="100" ind1="1" ind2=" ">
            <marc:subfield code="6">880-18</marc:subfield>
            <marc:subfield code="a">今里, 佳奈子</marc:subfield>
            <marc:subfield code="0">(NII)DA13972672</marc:subfield>
          </marc:datafield>
          <marc:datafield tag="100" ind1="1" ind2=" ">
            <marc:subfield code="6">880-19</marc:subfield>
            <marc:subfield code="a">原田, 久(1966-)</marc:subfield>
            <marc:subfield code="0">(NII)DA12901792</marc:subfield>
          </marc:datafield>
          <marc:datafield tag="245" ind1="1" ind2="0">
            <marc:subfield code="a">新世紀の公法学</marc:subfield>
            <marc:subfield code="b">手島孝先生古稀祝賀論集</marc:subfield>
            <marc:subfield code="c">安藤高行, 大隈義和編</marc:subfield>
            <marc:subfield code="6">880-20</marc:subfield>
          </marc:datafield>
          <marc:datafield tag="260" ind1=" " ind2=" ">
            <marc:subfield code="a">京都</marc:subfield>
            <marc:subfield code="b">法律文化社</marc:subfield>
            <marc:subfield code="c">2003.4</marc:subfield>
          </marc:datafield>
          <marc:datafield tag="300" ind1=" " ind2=" ">
            <marc:subfield code="a">iii, 480p, 図版1枚</marc:subfield>
            <marc:subfield code="c">22cm</marc:subfield>
          </marc:datafield>
          <marc:datafield tag="500" ind1=" " ind2=" ">
            <marc:subfield code="a">手島孝先生主要著作等目録: p456-475</marc:subfield>
          </marc:datafield>
          <marc:datafield tag="500" ind1=" " ind2=" ">
            <marc:subfield code="a">手島孝先生の肖像あり</marc:subfield>
          </marc:datafield>
          <marc:datafield tag="500" ind1=" " ind2=" ">
            <marc:subfield code="a">手島孝先生略年譜: p453-455</marc:subfield>
          </marc:datafield>
          <marc:datafield tag="505" ind1="0" ind2="0">
            <marc:subfield code="g">第1部憲法編</marc:subfield>
            <marc:subfield code="t">情報公開と個人情報保護の接点について</marc:subfield>
            <marc:subfield code="r">大隈義和著</marc:subfield>
          </marc:datafield>
          <marc:datafield tag="505" ind1="0" ind2="0">
            <marc:subfield code="t">アメリカ連邦選挙運動資金法制における政治的言論と「魔法の言葉」</marc:subfield>
            <marc:subfield code="r">落合俊行著</marc:subfield>
          </marc:datafield>
          <marc:datafield tag="505" ind1="0" ind2="0">
            <marc:subfield code="t">入管政策の課題と展望</marc:subfield>
            <marc:subfield code="r">近藤敦著</marc:subfield>
          </marc:datafield>
          <marc:datafield tag="505" ind1="0" ind2="0">
            <marc:subfield code="t">目的・効果基準の比較的検討</marc:subfield>
            <marc:subfield code="r">竹宮崇著</marc:subfield>
          </marc:datafield>
          <marc:datafield tag="505" ind1="0" ind2="0">
            <marc:subfield code="t">会派を巡る最近のドイツ憲法判例</marc:subfield>
            <marc:subfield code="r">苗村辰弥著</marc:subfield>
          </marc:datafield>
          <marc:datafield tag="505" ind1="0" ind2="0">
            <marc:subfield code="t">バイエルン上院の立法協働権</marc:subfield>
            <marc:subfield code="r">村上英明著</marc:subfield>
          </marc:datafield>
          <marc:datafield tag="505" ind1="0" ind2="0">
            <marc:subfield code="t">ドイツにおける教会内部の労働法関係の憲法学的考察 : 教会の自律権の憲法上の保障を中心として</marc:subfield>
            <marc:subfield code="r">木村俊夫著</marc:subfield>
          </marc:datafield>
          <marc:datafield tag="505" ind1="0" ind2="0">
            <marc:subfield code="t">裁判を受ける権利の“本来的射程" : 訴訟非訟二分論の克服</marc:subfield>
            <marc:subfield code="r">笹田栄司著</marc:subfield>
          </marc:datafield>
          <marc:datafield tag="505" ind1="0" ind2="0">
            <marc:subfield code="t">法令審査における厳格さ : 日本の判決に基づく再構成の試み</marc:subfield>
            <marc:subfield code="r">西村枝美著</marc:subfield>
          </marc:datafield>
          <marc:datafield tag="505" ind1="0" ind2="0">
            <marc:subfield code="t">司法審査と連邦最高裁判所内で行われる戦略</marc:subfield>
            <marc:subfield code="r">ジョージ・R・ハラダ著</marc:subfield>
          </marc:datafield>
          <marc:datafield tag="505" ind1="0" ind2="0">
            <marc:subfield code="g">第2部行政法・行政学編</marc:subfield>
            <marc:subfield code="t">多極的行政法関係における「第三者」の手続法的地位論序説</marc:subfield>
            <marc:subfield code="r">中川義朗著</marc:subfield>
          </marc:datafield>
          <marc:datafield tag="505" ind1="0" ind2="0">
            <marc:subfield code="t">フランス行政法における新しい急速審理手続と外国人の「正常な家族生活の権利」 : 二〇〇一年一〇月三一日のコンセイユデタ決定の意義</marc:subfield>
            <marc:subfield code="r">小原清信著</marc:subfield>
          </marc:datafield>
          <marc:datafield tag="505" ind1="0" ind2="0">
            <marc:subfield code="t">ドイツにおける犠牲請求事例の若干の整理 : 連邦通常裁判所の判例を素材に</marc:subfield>
            <marc:subfield code="r">松塚晋輔著</marc:subfield>
          </marc:datafield>
          <marc:datafield tag="505" ind1="0" ind2="0">
            <marc:subfield code="t">イギリス地方オンブズマンの最近の活動</marc:subfield>
            <marc:subfield code="r">安藤高行著</marc:subfield>
          </marc:datafield>
          <marc:datafield tag="505" ind1="0" ind2="0">
            <marc:subfield code="t">情報公開制度における自己情報開示請求権</marc:subfield>
            <marc:subfield code="r">井上亜紀著</marc:subfield>
          </marc:datafield>
          <marc:datafield tag="505" ind1="0" ind2="0">
            <marc:subfield code="t">現代公共学序説</marc:subfield>
            <marc:subfield code="r">今里滋著</marc:subfield>
          </marc:datafield>
          <marc:datafield tag="505" ind1="0" ind2="0">
            <marc:subfield code="t">アドミニストレーションの論点</marc:subfield>
            <marc:subfield code="r">渡邊榮文著</marc:subfield>
          </marc:datafield>
          <marc:datafield tag="505" ind1="0" ind2="0">
            <marc:subfield code="t">社会福祉改革と分権型福祉社会の行方</marc:subfield>
            <marc:subfield code="r">今里佳奈子著</marc:subfield>
          </marc:datafield>
          <marc:datafield tag="505" ind1="0" ind2="0">
            <marc:subfield code="t">公務員制度改革過程における二つの変容</marc:subfield>
            <marc:subfield code="r">原田久著</marc:subfield>
          </marc:datafield>
          <marc:datafield tag="650" ind1=" " ind2="7">
            <marc:subfield code="6">880-21</marc:subfield>
            <marc:subfield code="a">手島,孝</marc:subfield>
            <marc:subfield code="2">BSH</marc:subfield>
          </marc:datafield>
          <marc:datafield tag="650" ind1=" " ind2="7">
            <marc:subfield code="6">880-22</marc:subfield>
            <marc:subfield code="a">公法</marc:subfield>
            <marc:subfield code="2">BSH</marc:subfield>
          </marc:datafield>
          <marc:datafield tag="740" ind1="0" ind2=" ">
            <marc:subfield code="a">新世紀の公法学</marc:subfield>
          </marc:datafield>
          <marc:datafield tag="852" ind1=" " ind2=" ">
            <marc:subfield code="a">九大(FA003454)</marc:subfield>
            <marc:subfield code="k">323.04/A 47</marc:subfield>
            <marc:subfield code="m">NDC</marc:subfield>
            <marc:subfield code="b">Central</marc:subfield>
            <marc:subfield code="x">Library</marc:subfield>
            <marc:subfield code="j">中図 開架閲覧室</marc:subfield>
            <marc:subfield code="g">CENTRAL LIBRARY Reading Room</marc:subfield>
            <marc:subfield code="p">003112003002528</marc:subfield>
            <marc:subfield code="f">4589026503</marc:subfield>
            <marc:subfield code="6">2003-07-11</marc:subfield>
            <marc:subfield code="i">OA111000</marc:subfield>
          </marc:datafield>
          <marc:datafield tag="852" ind1=" " ind2=" ">
            <marc:subfield code="a">九大(FA003454)</marc:subfield>
            <marc:subfield code="k">Aj 02/T/30</marc:subfield>
            <marc:subfield code="m">OTHER</marc:subfield>
            <marc:subfield code="b">Humanities and Social Sciences</marc:subfield>
            <marc:subfield code="x">Library</marc:subfield>
            <marc:subfield code="j">法</marc:subfield>
            <marc:subfield code="g">LAW Library</marc:subfield>
            <marc:subfield code="p">015112003020798</marc:subfield>
            <marc:subfield code="f">4589026503</marc:subfield>
            <marc:subfield code="6">2003-07-11</marc:subfield>
            <marc:subfield code="i">CA000000</marc:subfield>
          </marc:datafield>
          <marc:datafield tag="880" ind1="1" ind2=" ">
            <marc:subfield code="6">100-01/$1</marc:subfield>
            <marc:subfield code="a">アンドウ, タカユキ</marc:subfield>
          </marc:datafield>
          <marc:datafield tag="880" ind1="1" ind2=" ">
            <marc:subfield code="6">100-02/$1</marc:subfield>
            <marc:subfield code="a">オオクマ, ヨシカズ</marc:subfield>
          </marc:datafield>
          <marc:datafield tag="880" ind1="1" ind2=" ">
            <marc:subfield code="6">100-03/$1</marc:subfield>
            <marc:subfield code="a">オチアイ, トシユキ</marc:subfield>
          </marc:datafield>
          <marc:datafield tag="880" ind1="1" ind2=" ">
            <marc:subfield code="6">100-04/$1</marc:subfield>
            <marc:subfield code="a">コンドウ, アツシ</marc:subfield>
          </marc:datafield>
          <marc:datafield tag="880" ind1="1" ind2=" ">
            <marc:subfield code="6">100-05/$1</marc:subfield>
            <marc:subfield code="a">タケミヤ, タカシ</marc:subfield>
          </marc:datafield>
          <marc:datafield tag="880" ind1="1" ind2=" ">
            <marc:subfield code="6">100-06/$1</marc:subfield>
            <marc:subfield code="a">ナエムラ, タツヤ</marc:subfield>
          </marc:datafield>
          <marc:datafield tag="880" ind1="1" ind2=" ">
            <marc:subfield code="6">100-07/$1</marc:subfield>
            <marc:subfield code="a">ムラカミ, ヒデアキ</marc:subfield>
          </marc:datafield>
          <marc:datafield tag="880" ind1="1" ind2=" ">
            <marc:subfield code="6">100-08/$1</marc:subfield>
            <marc:subfield code="a">キムラ, トシオ</marc:subfield>
          </marc:datafield>
          <marc:datafield tag="880" ind1="1" ind2=" ">
            <marc:subfield code="6">100-09/$1</marc:subfield>
            <marc:subfield code="a">ササダ, エイジ</marc:subfield>
          </marc:datafield>
          <marc:datafield tag="880" ind1="1" ind2=" ">
            <marc:subfield code="6">100-10/$1</marc:subfield>
            <marc:subfield code="a">ニシムラ, エミ</marc:subfield>
          </marc:datafield>
          <marc:datafield tag="880" ind1="1" ind2=" ">
            <marc:subfield code="6">100-11/$1</marc:subfield>
            <marc:subfield code="a">ハラダ, ジョージ R.</marc:subfield>
          </marc:datafield>
          <marc:datafield tag="880" ind1="1" ind2=" ">
            <marc:subfield code="6">100-12/$1</marc:subfield>
            <marc:subfield code="a">ナカガワ, ヨシロウ</marc:subfield>
          </marc:datafield>
          <marc:datafield tag="880" ind1="1" ind2=" ">
            <marc:subfield code="6">100-13/$1</marc:subfield>
            <marc:subfield code="a">コハラ, キヨノブ</marc:subfield>
          </marc:datafield>
          <marc:datafield tag="880" ind1="1" ind2=" ">
            <marc:subfield code="6">100-14/$1</marc:subfield>
            <marc:subfield code="a">マツズカ, シンスケ</marc:subfield>
          </marc:datafield>
          <marc:datafield tag="880" ind1="1" ind2=" ">
            <marc:subfield code="6">100-15/$1</marc:subfield>
            <marc:subfield code="a">イノウエ, アキ</marc:subfield>
          </marc:datafield>
          <marc:datafield tag="880" ind1="1" ind2=" ">
            <marc:subfield code="6">100-16/$1</marc:subfield>
            <marc:subfield code="a">イマサト, シゲル</marc:subfield>
          </marc:datafield>
          <marc:datafield tag="880" ind1="1" ind2=" ">
            <marc:subfield code="6">100-17/$1</marc:subfield>
            <marc:subfield code="a">ワタナベ, エイフミ</marc:subfield>
          </marc:datafield>
          <marc:datafield tag="880" ind1="1" ind2=" ">
            <marc:subfield code="6">100-18/$1</marc:subfield>
            <marc:subfield code="a">イマサト, カナコ</marc:subfield>
          </marc:datafield>
          <marc:datafield tag="880" ind1="1" ind2=" ">
            <marc:subfield code="6">100-19/$1</marc:subfield>
            <marc:subfield code="a">ハラダ, ヒサシ</marc:subfield>
          </marc:datafield>
          <marc:datafield tag="880" ind1="1" ind2="0">
            <marc:subfield code="6">245-20/$1</marc:subfield>
            <marc:subfield code="a">シンセイキ ノ コウホウガク : テシマ タカシ センセイ コキ シュクガ ロンシュウ</marc:subfield>
          </marc:datafield>
          <marc:datafield tag="880" ind1=" " ind2="7">
            <marc:subfield code="6">650-21/$1</marc:subfield>
            <marc:subfield code="a">テシマ,タカシ</marc:subfield>
          </marc:datafield>
          <marc:datafield tag="880" ind1=" " ind2="7">
            <marc:subfield code="6">650-22/$1</marc:subfield>
            <marc:subfield code="a">コウホウ</marc:subfield>
          </marc:datafield>
        </marc:record>
      </metadata>
    </record>
  </ListRecords>
</OAI-PMH>
